{"id": "bulk-1", "symbol": "MSFT", "price": 101.75, "quantity": 20, "timestamp": "2024-01-10T09:30:01Z", "venue": "NASDAQ", "side": "sell"}
{"id": "bulk-2", "symbol": "TSLA", "price": 103.5, "quantity": 30, "timestamp": "2024-01-10T09:30:02Z", "venue": "NYSE", "side": "buy"}
{"id": "bulk-3", "symbol": "AMZN", "price": 105.25, "quantity": 40, "timestamp": "2024-01-10T09:30:03Z", "venue": "NASDAQ", "side": "sell"}
{"id": "bulk-4", "symbol": "NVDA", "price": 107.0, "quantity": 50, "timestamp": "2024-01-10T09:30:04Z", "venue": "NYSE", "side": "buy"}
{"id": "bulk-5", "symbol": "GOOG", "price": 108.75, "quantity": 60, "timestamp": "2024-01-10T09:30:05Z", "venue": "NASDAQ", "side": "sell"}
{"id": "bulk-6", "symbol": "AAPL", "price": 110.5, "quantity": 70, "timestamp": "2024-01-10T09:30:06Z", "venue": "NYSE", "side": "buy"}
{"id": "bulk-7", "symbol": "MSFT", "price": 110.5, "quantity": 80, "timestamp": "2024-01-10T09:30:07Z", "venue": "NASDAQ", "side": "sell"}
{"id": "bulk-8", "symbol": "TSLA", "price": 112.25, "quantity": 90, "timestamp": "2024-01-10T09:30:08Z", "venue": "NYSE", "side": "buy"}
{"id": "bulk-9", "symbol": "AMZN", "price": 114.0, "quantity": 100, "timestamp": "2024-01-10T09:30:09Z", "venue": "NASDAQ", "side": "sell"}
{"id": "bulk-10", "symbol": "NVDA", "price": 115.75, "quantity": 110, "timestamp": "2024-01-10T09:30:10Z", "venue": "NYSE", "side": "buy"}
{"id": "bulk-11", "symbol": "GOOG", "price": 117.5, "quantity": 120, "timestamp": "2024-01-10T09:30:11Z", "venue": "NASDAQ", "side": "sell"}
{"id": "bulk-12", "symbol": "AAPL", "price": 119.25, "quantity": 130, "timestamp": "2024-01-10T09:30:12Z", "venue": "NYSE", "side": "buy"}
{"id": "bulk-13", "symbol": "MSFT", "price": 121.0, "quantity": 140, "timestamp": "2024-01-10T09:30:13Z", "venue": "NASDAQ", "side": "sell"}
{"id": "bulk-14", "symbol": "TSLA", "price": 121.0, "quantity": 150, "timestamp": "2024-01-10T09:30:14Z", "venue": "NYSE", "side": "buy"}
{"id": "bulk-15", "symbol": "AMZN", "price": 122.75, "quantity": 160, "timestamp": "2024-01-10T09:30:15Z", "venue": "NASDAQ", "side": "sell"}
{"id": "bulk-16", "symbol": "NVDA", "price": 124.5, "quantity": 170, "timestamp": "2024-01-10T09:30:16Z", "venue": "NYSE", "side": "buy"}
{"id": "bulk-17", "symbol": "GOOG", "price": 126.25, "quantity": 180, "timestamp": "2024-01-10T09:30:17Z", "venue": "NASDAQ", "side": "sell"}
{"id": "bulk-18", "symbol": "AAPL", "price": 128.0, "quantity": 190, "timestamp": "2024-01-10T09:30:18Z", "venue": "NYSE", "side": "buy"}
{"id": "bulk-19", "symbol": "MSFT", "price": 129.75, "quantity": 200, "timestamp": "2024-01-10T09:30:19Z", "venue": "NASDAQ", "side": "sell"}
{"id": "bulk-20", "symbol": "TSLA", "price": 131.5, "quantity": 210, "timestamp": "2024-01-10T09:30:20Z", "venue": "NYSE", "side": "buy"}
{"id": "bulk-21", "symbol": "AMZN", "price": 131.5, "quantity": 220, "timestamp": "2024-01-10T09:30:21Z", "venue": "NASDAQ", "side": "sell"}
{"id": "bulk-22", "symbol": "NVDA", "price": 133.25, "quantity": 230, "timestamp": "2024-01-10T09:30:22Z", "venue": "NYSE", "side": "buy"}
{"id": "bulk-23", "symbol": "GOOG", "price": 135.0, "quantity": 240, "timestamp": "2024-01-10T09:30:23Z", "venue": "NASDAQ", "side": "sell"}
{"id": "bulk-24", "symbol": "AAPL", "price": 136.75, "quantity": 250, "timestamp": "2024-01-10T09:30:24Z", "venue": "NYSE", "side": "buy"}
{"id": "bulk-25", "symbol": "MSFT", "price": 138.5, "quantity": 260, "timestamp": "2024-01-10T09:30:25Z", "venue": "NASDAQ", "side": "sell"}
{"id": "bulk-26", "symbol": "TSLA", "price": 140.25, "quantity": 270, "timestamp": "2024-01-10T09:30:26Z", "venue": "NYSE", "side": "buy"}
{"id": "bulk-27", "symbol": "AMZN", "price": 142.0, "quantity": 280, "timestamp": "2024-01-10T09:30:27Z", "venue": "NASDAQ", "side": "sell"}
{"id": "bulk-28", "symbol": "NVDA", "price": 142.0, "quantity": 290, "timestamp": "2024-01-10T09:30:28Z", "venue": "NYSE", "side": "buy"}
{"id": "bulk-29", "symbol": "GOOG", "price": 143.75, "quantity": 300, "timestamp": "2024-01-10T09:30:29Z", "venue": "NASDAQ", "side": "sell"}
{"id": "bulk-30", "symbol": "AAPL", "price": 145.5, "quantity": 310, "timestamp": "2024-01-10T09:30:30Z", "venue": "NYSE", "side": "buy"}
{"id": "bulk-31", "symbol": "MSFT", "price": 147.25, "quantity": 320, "timestamp": "2024-01-10T09:30:31Z", "venue": "NASDAQ", "side": "sell"}
{"id": "bulk-32", "symbol": "TSLA", "price": 149.0, "quantity": 330, "timestamp": "2024-01-10T09:30:32Z", "venue": "NYSE", "side": "buy"}
{"id": "bulk-33", "symbol": "AMZN", "price": 150.75, "quantity": 340, "timestamp": "2024-01-10T09:30:33Z", "venue": "NASDAQ", "side": "sell"}
{"id": "bulk-34", "symbol": "NVDA", "price": 152.5, "quantity": 350, "timestamp": "2024-01-10T09:30:34Z", "venue": "NYSE", "side": "buy"}
{"id": "bulk-35", "symbol": "GOOG", "price": 152.5, "quantity": 360, "timestamp": "2024-01-10T09:30:35Z", "venue": "NASDAQ", "side": "sell"}
{"id": "bulk-36", "symbol": "AAPL", "price": 154.25, "quantity": 370, "timestamp": "2024-01-10T09:30:36Z", "venue": "NYSE", "side": "buy"}
{"id": "bulk-37", "symbol": "MSFT", "price": 156.0, "quantity": 380, "timestamp": "2024-01-10T09:30:37Z", "venue": "NASDAQ", "side": "sell"}
{"id": "bulk-38", "symbol": "TSLA", "price": 157.75, "quantity": 390, "timestamp": "2024-01-10T09:30:38Z", "venue": "NYSE", "side": "buy"}
{"id": "bulk-39", "symbol": "AMZN", "price": 159.5, "quantity": 400, "timestamp": "2024-01-10T09:30:39Z", "venue": "NASDAQ", "side": "sell"}
{"id": "bulk-40", "symbol": "NVDA", "price": 161.25, "quantity": 410, "timestamp": "2024-01-10T09:30:40Z", "venue": "NYSE", "side": "buy"}
{"id": "bulk-41", "symbol": "GOOG", "price": 163.0, "quantity": 420, "timestamp": "2024-01-10T09:30:41Z", "venue": "NASDAQ", "side": "sell"}
{"id": "bulk-42", "symbol": "AAPL", "price": 163.0, "quantity": 430, "timestamp": "2024-01-10T09:30:42Z", "venue": "NYSE", "side": "buy"}
{"id": "bulk-43", "symbol": "MSFT", "price": 164.75, "quantity": 440, "timestamp": "2024-01-10T09:30:43Z", "venue": "NASDAQ", "side": "sell"}
{"id": "bulk-44", "symbol": "TSLA", "price": 166.5, "quantity": 450, "timestamp": "2024-01-10T09:30:44Z", "venue": "NYSE", "side": "buy"}
{"id": "bulk-45", "symbol": "AMZN", "price": 168.25, "quantity": 460, "timestamp": "2024-01-10T09:30:45Z", "venue": "NASDAQ", "side": "sell"}
{"id": "bulk-46", "symbol": "NVDA", "price": 170.0, "quantity": 470, "timestamp": "2024-01-10T09:30:46Z", "venue": "NYSE", "side": "buy"}
{"id": "bulk-47", "symbol": "GOOG", "price": 171.75, "quantity": 480, "timestamp": "2024-01-10T09:30:47Z", "venue": "NASDAQ", "side": "sell"}
{"id": "bulk-48", "symbol": "AAPL", "price": 173.5, "quantity": 490, "timestamp": "2024-01-10T09:30:48Z", "venue": "NYSE", "side": "buy"}
{"id": "bulk-49", "symbol": "MSFT", "price": 173.5, "quantity": 500, "timestamp": "2024-01-10T09:30:49Z", "venue": "NASDAQ", "side": "sell"}
{"id": "bulk-50", "symbol": "TSLA", "price": 100.25, "quantity": 510, "timestamp": "2024-01-10T09:30:50Z", "venue": "NYSE", "side": "buy"}
{"id": "bulk-51", "symbol": "AMZN", "price": 102.0, "quantity": 520, "timestamp": "2024-01-10T09:30:51Z", "venue": "NASDAQ", "side": "sell"}
{"id": "bulk-52", "symbol": "NVDA", "price": 103.75, "quantity": 530, "timestamp": "2024-01-10T09:30:52Z", "venue": "NYSE", "side": "buy"}
{"id": "bulk-53", "symbol": "GOOG", "price": 105.5, "quantity": 540, "timestamp": "2024-01-10T09:30:53Z", "venue": "NASDAQ", "side": "sell"}
{"id": "bulk-54", "symbol": "AAPL", "price": 107.25, "quantity": 550, "timestamp": "2024-01-10T09:30:54Z", "venue": "NYSE", "side": "buy"}
{"id": "bulk-55", "symbol": "MSFT", "price": 109.0, "quantity": 560, "timestamp": "2024-01-10T09:30:55Z", "venue": "NASDAQ", "side": "sell"}
{"id": "bulk-56", "symbol": "TSLA", "price": 109.0, "quantity": 570, "timestamp": "2024-01-10T09:30:56Z", "venue": "NYSE", "side": "buy"}
{"id": "bulk-57", "symbol": "AMZN", "price": 110.75, "quantity": 580, "timestamp": "2024-01-10T09:30:57Z", "venue": "NASDAQ", "side": "sell"}
{"id": "bulk-58", "symbol": "NVDA", "price": 112.5, "quantity": 590, "timestamp": "2024-01-10T09:30:58Z", "venue": "NYSE", "side": "buy"}
{"id": "bulk-59", "symbol": "GOOG", "price": 114.25, "quantity": 600, "timestamp": "2024-01-10T09:30:59Z", "venue": "NASDAQ", "side": "sell"}
{"id": "bulk-60", "symbol": "AAPL", "price": 116.0, "quantity": 610, "timestamp": "2024-01-10T09:31:00Z", "venue": "NYSE", "side": "buy"}
{"id": "bulk-61", "symbol": "MSFT", "price": 117.75, "quantity": 620, "timestamp": "2024-01-10T09:31:01Z", "venue": "NASDAQ", "side": "sell"}
{"id": "bulk-62", "symbol": "TSLA", "price": 119.5, "quantity": 630, "timestamp": "2024-01-10T09:31:02Z", "venue": "NYSE", "side": "buy"}
{"id": "bulk-63", "symbol": "AMZN", "price": 119.5, "quantity": 640, "timestamp": "2024-01-10T09:31:03Z", "venue": "NASDAQ", "side": "sell"}
{"id": "bulk-64", "symbol": "NVDA", "price": 121.25, "quantity": 650, "timestamp": "2024-01-10T09:31:04Z", "venue": "NYSE", "side": "buy"}
{"id": "bulk-65", "symbol": "GOOG", "price": 123.0, "quantity": 660, "timestamp": "2024-01-10T09:31:05Z", "venue": "NASDAQ", "side": "sell"}
{"id": "bulk-66", "symbol": "AAPL", "price": 124.75, "quantity": 670, "timestamp": "2024-01-10T09:31:06Z", "venue": "NYSE", "side": "buy"}
{"id": "bulk-67", "symbol": "MSFT", "price": 126.5, "quantity": 680, "timestamp": "2024-01-10T09:31:07Z", "venue": "NASDAQ", "side": "sell"}
{"id": "bulk-68", "symbol": "TSLA", "price": 128.25, "quantity": 690, "timestamp": "2024-01-10T09:31:08Z", "venue": "NYSE", "side": "buy"}
{"id": "bulk-69", "symbol": "AMZN", "price": 130.0, "quantity": 700, "timestamp": "2024-01-10T09:31:09Z", "venue": "NASDAQ", "side": "sell"}
{"id": "bulk-70", "symbol": "NVDA", "price": 130.0, "quantity": 710, "timestamp": "2024-01-10T09:31:10Z", "venue": "NYSE", "side": "buy"}
{"id": "bulk-71", "symbol": "GOOG", "price": 131.75, "quantity": 720, "timestamp": "2024-01-10T09:31:11Z", "venue": "NASDAQ", "side": "sell"}
{"id": "bulk-72", "symbol": "AAPL", "price": 133.5, "quantity": 730, "timestamp": "2024-01-10T09:31:12Z", "venue": "NYSE", "side": "buy"}
{"id": "bulk-73", "symbol": "MSFT", "price": 135.25, "quantity": 740, "timestamp": "2024-01-10T09:31:13Z", "venue": "NASDAQ", "side": "sell"}
{"id": "bulk-74", "symbol": "TSLA", "price": 137.0, "quantity": 750, "timestamp": "2024-01-10T09:31:14Z", "venue": "NYSE", "side": "buy"}
{"id": "bulk-75", "symbol": "AMZN", "price": 138.75, "quantity": 760, "timestamp": "2024-01-10T09:31:15Z", "venue": "NASDAQ", "side": "sell"}
{"id": "bulk-76", "symbol": "NVDA", "price": 140.5, "quantity": 770, "timestamp": "2024-01-10T09:31:16Z", "venue": "NYSE", "side": "buy"}
{"id": "bulk-77", "symbol": "GOOG", "price": 140.5, "quantity": 780, "timestamp": "2024-01-10T09:31:17Z", "venue": "NASDAQ", "side": "sell"}
{"id": "bulk-78", "symbol": "AAPL", "price": 142.25, "quantity": 790, "timestamp": "2024-01-10T09:31:18Z", "venue": "NYSE", "side": "buy"}
{"id": "bulk-79", "symbol": "MSFT", "price": 144.0, "quantity": 800, "timestamp": "2024-01-10T09:31:19Z", "venue": "NASDAQ", "side": "sell"}
{"id": "bulk-80", "symbol": "TSLA", "price": 145.75, "quantity": 810, "timestamp": "2024-01-10T09:31:20Z", "venue": "NYSE", "side": "buy"}
{"id": "bulk-81", "symbol": "AMZN", "price": 147.5, "quantity": 820, "timestamp": "2024-01-10T09:31:21Z", "venue": "NASDAQ", "side": "sell"}
{"id": "bulk-82", "symbol": "NVDA", "price": 149.25, "quantity": 830, "timestamp": "2024-01-10T09:31:22Z", "venue": "NYSE", "side": "buy"}
{"id": "bulk-83", "symbol": "GOOG", "price": 151.0, "quantity": 840, "timestamp": "2024-01-10T09:31:23Z", "venue": "NASDAQ", "side": "sell"}
{"id": "bulk-84", "symbol": "AAPL", "price": 151.0, "quantity": 850, "timestamp": "2024-01-10T09:31:24Z", "venue": "NYSE", "side": "buy"}
{"id": "bulk-85", "symbol": "MSFT", "price": 152.75, "quantity": 860, "timestamp": "2024-01-10T09:31:25Z", "venue": "NASDAQ", "side": "sell"}
{"id": "bulk-86", "symbol": "TSLA", "price": 154.5, "quantity": 870, "timestamp": "2024-01-10T09:31:26Z", "venue": "NYSE", "side": "buy"}
{"id": "bulk-87", "symbol": "AMZN", "price": 156.25, "quantity": 880, "timestamp": "2024-01-10T09:31:27Z", "venue": "NASDAQ", "side": "sell"}
{"id": "bulk-88", "symbol": "NVDA", "price": 158.0, "quantity": 890, "timestamp": "2024-01-10T09:31:28Z", "venue": "NYSE", "side": "buy"}
{"id": "bulk-89", "symbol": "GOOG", "price": 159.75, "quantity": 900, "timestamp": "2024-01-10T09:31:29Z", "venue": "NASDAQ", "side": "sell"}
{"id": "bulk-90", "symbol": "AAPL", "price": 161.5, "quantity": 910, "timestamp": "2024-01-10T09:31:30Z", "venue": "NYSE", "side": "buy"}
{"id": "bulk-91", "symbol": "MSFT", "price": 161.5, "quantity": 920, "timestamp": "2024-01-10T09:31:31Z", "venue": "NASDAQ", "side": "sell"}
{"id": "bulk-92", "symbol": "TSLA", "price": 163.25, "quantity": 930, "timestamp": "2024-01-10T09:31:32Z", "venue": "NYSE", "side": "buy"}
{"id": "bulk-93", "symbol": "AMZN", "price": 165.0, "quantity": 940, "timestamp": "2024-01-10T09:31:33Z", "venue": "NASDAQ", "side": "sell"}
{"id": "bulk-94", "symbol": "NVDA", "price": 166.75, "quantity": 950, "timestamp": "2024-01-10T09:31:34Z", "venue": "NYSE", "side": "buy"}
{"id": "bulk-95", "symbol": "GOOG", "price": 168.5, "quantity": 960, "timestamp": "2024-01-10T09:31:35Z", "venue": "NASDAQ", "side": "sell"}
{"id": "bulk-96", "symbol": "AAPL", "price": 170.25, "quantity": 970, "timestamp": "2024-01-10T09:31:36Z", "venue": "NYSE", "side": "buy"}
{"id": "bulk-97", "symbol": "MSFT", "price": 172.0, "quantity": 980, "timestamp": "2024-01-10T09:31:37Z", "venue": "NASDAQ", "side": "sell"}
{"id": "bulk-98", "symbol": "TSLA", "price": 172.0, "quantity": 990, "timestamp": "2024-01-10T09:31:38Z", "venue": "NYSE", "side": "buy"}
{"id": "bulk-99", "symbol": "AMZN", "price": 173.75, "quantity": 1000, "timestamp": "2024-01-10T09:31:39Z", "venue": "NASDAQ", "side": "sell"}
{"id": "bulk-100", "symbol": "NVDA", "price": 100.5, "quantity": 1010, "timestamp": "2024-01-10T09:31:40Z", "venue": "NYSE", "side": "buy"}
{"id": "bulk-101", "symbol": "GOOG", "price": 102.25, "quantity": 1020, "timestamp": "2024-01-10T09:31:41Z", "venue": "NASDAQ", "side": "sell"}
{"id": "bulk-102", "symbol": "AAPL", "price": 104.0, "quantity": 1030, "timestamp": "2024-01-10T09:31:42Z", "venue": "NYSE", "side": "buy"}
{"id": "bulk-103", "symbol": "MSFT", "price": 105.75, "quantity": 1040, "timestamp": "2024-01-10T09:31:43Z", "venue": "NASDAQ", "side": "sell"}
{"id": "bulk-104", "symbol": "TSLA", "price": 107.5, "quantity": 1050, "timestamp": "2024-01-10T09:31:44Z", "venue": "NYSE", "side": "buy"}
{"id": "bulk-105", "symbol": "AMZN", "price": 107.5, "quantity": 1060, "timestamp": "2024-01-10T09:31:45Z", "venue": "NASDAQ", "side": "sell"}
{"id": "bulk-106", "symbol": "NVDA", "price": 109.25, "quantity": 1070, "timestamp": "2024-01-10T09:31:46Z", "venue": "NYSE", "side": "buy"}
{"id": "bulk-107", "symbol": "GOOG", "price": 111.0, "quantity": 1080, "timestamp": "2024-01-10T09:31:47Z", "venue": "NASDAQ", "side": "sell"}
{"id": "bulk-108", "symbol": "AAPL", "price": 112.75, "quantity": 1090, "timestamp": "2024-01-10T09:31:48Z", "venue": "NYSE", "side": "buy"}
{"id": "bulk-109", "symbol": "MSFT", "price": 114.5, "quantity": 1100, "timestamp": "2024-01-10T09:31:49Z", "venue": "NASDAQ", "side": "sell"}
{"id": "bulk-110", "symbol": "TSLA", "price": 116.25, "quantity": 1110, "timestamp": "2024-01-10T09:31:50Z", "venue": "NYSE", "side": "buy"}
{"id": "bulk-111", "symbol": "AMZN", "price": 118.0, "quantity": 1120, "timestamp": "2024-01-10T09:31:51Z", "venue": "NASDAQ", "side": "sell"}
{"id": "bulk-112", "symbol": "NVDA", "price": 118.0, "quantity": 1130, "timestamp": "2024-01-10T09:31:52Z", "venue": "NYSE", "side": "buy"}
{"id": "bulk-113", "symbol": "GOOG", "price": 119.75, "quantity": 1140, "timestamp": "2024-01-10T09:31:53Z", "venue": "NASDAQ", "side": "sell"}
{"id": "bulk-114", "symbol": "AAPL", "price": 121.5, "quantity": 1150, "timestamp": "2024-01-10T09:31:54Z", "venue": "NYSE", "side": "buy"}
{"id": "bulk-115", "symbol": "MSFT", "price": 123.25, "quantity": 1160, "timestamp": "2024-01-10T09:31:55Z", "venue": "NASDAQ", "side": "sell"}
{"id": "bulk-116", "symbol": "TSLA", "price": 125.0, "quantity": 1170, "timestamp": "2024-01-10T09:31:56Z", "venue": "NYSE", "side": "buy"}
{"id": "bulk-117", "symbol": "AMZN", "price": 126.75, "quantity": 1180, "timestamp": "2024-01-10T09:31:57Z", "venue": "NASDAQ", "side": "sell"}
{"id": "bulk-118", "symbol": "NVDA", "price": 128.5, "quantity": 1190, "timestamp": "2024-01-10T09:31:58Z", "venue": "NYSE", "side": "buy"}
{"id": "bulk-119", "symbol": "GOOG", "price": 128.5, "quantity": 1200, "timestamp": "2024-01-10T09:31:59Z", "venue": "NASDAQ", "side": "sell"}
{"id": "bulk-120", "symbol": "AAPL", "price": 130.25, "quantity": 10, "timestamp": "2024-01-10T09:32:00Z", "venue": "NYSE", "side": "buy"}
{"id": "bulk-121", "symbol": "MSFT", "price": 132.0, "quantity": 20, "timestamp": "2024-01-10T09:32:01Z", "venue": "NASDAQ", "side": "sell"}
{"id": "bulk-122", "symbol": "TSLA", "price": 133.75, "quantity": 30, "timestamp": "2024-01-10T09:32:02Z", "venue": "NYSE", "side": "buy"}
{"id": "bulk-123", "symbol": "AMZN", "price": 135.5, "quantity": 40, "timestamp": "2024-01-10T09:32:03Z", "venue": "NASDAQ", "side": "sell"}
{"id": "bulk-124", "symbol": "NVDA", "price": 137.25, "quantity": 50, "timestamp": "2024-01-10T09:32:04Z", "venue": "NYSE", "side": "buy"}
{"id": "bulk-125", "symbol": "GOOG", "price": 139.0, "quantity": 60, "timestamp": "2024-01-10T09:32:05Z", "venue": "NASDAQ", "side": "sell"}
{"id": "bulk-126", "symbol": "AAPL", "price": 139.0, "quantity": 70, "timestamp": "2024-01-10T09:32:06Z", "venue": "NYSE", "side": "buy"}
{"id": "bulk-127", "symbol": "MSFT", "price": 140.75, "quantity": 80, "timestamp": "2024-01-10T09:32:07Z", "venue": "NASDAQ", "side": "sell"}
{"id": "bulk-128", "symbol": "TSLA", "price": 142.5, "quantity": 90, "timestamp": "2024-01-10T09:32:08Z", "venue": "NYSE", "side": "buy"}
{"id": "bulk-129", "symbol": "AMZN", "price": 144.25, "quantity": 100, "timestamp": "2024-01-10T09:32:09Z", "venue": "NASDAQ", "side": "sell"}
{"id": "bulk-130", "symbol": "NVDA", "price": 146.0, "quantity": 110, "timestamp": "2024-01-10T09:32:10Z", "venue": "NYSE", "side": "buy"}
{"id": "bulk-131", "symbol": "GOOG", "price": 147.75, "quantity": 120, "timestamp": "2024-01-10T09:32:11Z", "venue": "NASDAQ", "side": "sell"}
{"id": "bulk-132", "symbol": "AAPL", "price": 149.5, "quantity": 130, "timestamp": "2024-01-10T09:32:12Z", "venue": "NYSE", "side": "buy"}
{"id": "bulk-133", "symbol": "MSFT", "price": 149.5, "quantity": 140, "timestamp": "2024-01-10T09:32:13Z", "venue": "NASDAQ", "side": "sell"}
{"id": "bulk-134", "symbol": "TSLA", "price": 151.25, "quantity": 150, "timestamp": "2024-01-10T09:32:14Z", "venue": "NYSE", "side": "buy"}
{"id": "bulk-135", "symbol": "AMZN", "price": 153.0, "quantity": 160, "timestamp": "2024-01-10T09:32:15Z", "venue": "NASDAQ", "side": "sell"}
{"id": "bulk-136", "symbol": "NVDA", "price": 154.75, "quantity": 170, "timestamp": "2024-01-10T09:32:16Z", "venue": "NYSE", "side": "buy"}
{"id": "bulk-137", "symbol": "GOOG", "price": 156.5, "quantity": 180, "timestamp": "2024-01-10T09:32:17Z", "venue": "NASDAQ", "side": "sell"}
{"id": "bulk-138", "symbol": "AAPL", "price": 158.25, "quantity": 190, "timestamp": "2024-01-10T09:32:18Z", "venue": "NYSE", "side": "buy"}
{"id": "bulk-139", "symbol": "MSFT", "price": 160.0, "quantity": 200, "timestamp": "2024-01-10T09:32:19Z", "venue": "NASDAQ", "side": "sell"}
{"id": "bulk-140", "symbol": "TSLA", "price": 160.0, "quantity": 210, "timestamp": "2024-01-10T09:32:20Z", "venue": "NYSE", "side": "buy"}
{"id": "bulk-141", "symbol": "AMZN", "price": 161.75, "quantity": 220, "timestamp": "2024-01-10T09:32:21Z", "venue": "NASDAQ", "side": "sell"}
{"id": "bulk-142", "symbol": "NVDA", "price": 163.5, "quantity": 230, "timestamp": "2024-01-10T09:32:22Z", "venue": "NYSE", "side": "buy"}
{"id": "bulk-143", "symbol": "GOOG", "price": 165.25, "quantity": 240, "timestamp": "2024-01-10T09:32:23Z", "venue": "NASDAQ", "side": "sell"}
{"id": "bulk-144", "symbol": "AAPL", "price": 167.0, "quantity": 250, "timestamp": "2024-01-10T09:32:24Z", "venue": "NYSE", "side": "buy"}
{"id": "bulk-145", "symbol": "MSFT", "price": 168.75, "quantity": 260, "timestamp": "2024-01-10T09:32:25Z", "venue": "NASDAQ", "side": "sell"}
{"id": "bulk-146", "symbol": "TSLA", "price": 170.5, "quantity": 270, "timestamp": "2024-01-10T09:32:26Z", "venue": "NYSE", "side": "buy"}
{"id": "bulk-147", "symbol": "AMZN", "price": 170.5, "quantity": 280, "timestamp": "2024-01-10T09:32:27Z", "venue": "NASDAQ", "side": "sell"}
{"id": "bulk-148", "symbol": "NVDA", "price": 172.25, "quantity": 290, "timestamp": "2024-01-10T09:32:28Z", "venue": "NYSE", "side": "buy"}
{"id": "bulk-149", "symbol": "GOOG", "price": 174.0, "quantity": 300, "timestamp": "2024-01-10T09:32:29Z", "venue": "NASDAQ", "side": "sell"}
{"id": "bulk-150", "symbol": "AAPL", "price": 100.75, "quantity": 310, "timestamp": "2024-01-10T09:32:30Z", "venue": "NYSE", "side": "buy"}
{"id": "bulk-151", "symbol": "MSFT", "price": 102.5, "quantity": 320, "timestamp": "2024-01-10T09:32:31Z", "venue": "NASDAQ", "side": "sell"}
{"id": "bulk-152", "symbol": "TSLA", "price": 104.25, "quantity": 330, "timestamp": "2024-01-10T09:32:32Z", "venue": "NYSE", "side": "buy"}
{"id": "bulk-153", "symbol": "AMZN", "price": 106.0, "quantity": 340, "timestamp": "2024-01-10T09:32:33Z", "venue": "NASDAQ", "side": "sell"}
{"id": "bulk-154", "symbol": "NVDA", "price": 106.0, "quantity": 350, "timestamp": "2024-01-10T09:32:34Z", "venue": "NYSE", "side": "buy"}
{"id": "bulk-155", "symbol": "GOOG", "price": 107.75, "quantity": 360, "timestamp": "2024-01-10T09:32:35Z", "venue": "NASDAQ", "side": "sell"}
{"id": "bulk-156", "symbol": "AAPL", "price": 109.5, "quantity": 370, "timestamp": "2024-01-10T09:32:36Z", "venue": "NYSE", "side": "buy"}
{"id": "bulk-157", "symbol": "MSFT", "price": 111.25, "quantity": 380, "timestamp": "2024-01-10T09:32:37Z", "venue": "NASDAQ", "side": "sell"}
{"id": "bulk-158", "symbol": "TSLA", "price": 113.0, "quantity": 390, "timestamp": "2024-01-10T09:32:38Z", "venue": "NYSE", "side": "buy"}
{"id": "bulk-159", "symbol": "AMZN", "price": 114.75, "quantity": 400, "timestamp": "2024-01-10T09:32:39Z", "venue": "NASDAQ", "side": "sell"}
{"id": "bulk-160", "symbol": "NVDA", "price": 116.5, "quantity": 410, "timestamp": "2024-01-10T09:32:40Z", "venue": "NYSE", "side": "buy"}
{"id": "bulk-161", "symbol": "GOOG", "price": 116.5, "quantity": 420, "timestamp": "2024-01-10T09:32:41Z", "venue": "NASDAQ", "side": "sell"}
{"id": "bulk-162", "symbol": "AAPL", "price": 118.25, "quantity": 430, "timestamp": "2024-01-10T09:32:42Z", "venue": "NYSE", "side": "buy"}
{"id": "bulk-163", "symbol": "MSFT", "price": 120.0, "quantity": 440, "timestamp": "2024-01-10T09:32:43Z", "venue": "NASDAQ", "side": "sell"}
{"id": "bulk-164", "symbol": "TSLA", "price": 121.75, "quantity": 450, "timestamp": "2024-01-10T09:32:44Z", "venue": "NYSE", "side": "buy"}
{"id": "bulk-165", "symbol": "AMZN", "price": 123.5, "quantity": 460, "timestamp": "2024-01-10T09:32:45Z", "venue": "NASDAQ", "side": "sell"}
{"id": "bulk-166", "symbol": "NVDA", "price": 125.25, "quantity": 470, "timestamp": "2024-01-10T09:32:46Z", "venue": "NYSE", "side": "buy"}
{"id": "bulk-167", "symbol": "GOOG", "price": 127.0, "quantity": 480, "timestamp": "2024-01-10T09:32:47Z", "venue": "NASDAQ", "side": "sell"}
{"id": "bulk-168", "symbol": "AAPL", "price": 127.0, "quantity": 490, "timestamp": "2024-01-10T09:32:48Z", "venue": "NYSE", "side": "buy"}
{"id": "bulk-169", "symbol": "MSFT", "price": 128.75, "quantity": 500, "timestamp": "2024-01-10T09:32:49Z", "venue": "NASDAQ", "side": "sell"}
{"id": "bulk-170", "symbol": "TSLA", "price": 130.5, "quantity": 510, "timestamp": "2024-01-10T09:32:50Z", "venue": "NYSE", "side": "buy"}
{"id": "bulk-171", "symbol": "AMZN", "price": 132.25, "quantity": 520, "timestamp": "2024-01-10T09:32:51Z", "venue": "NASDAQ", "side": "sell"}
{"id": "bulk-172", "symbol": "NVDA", "price": 134.0, "quantity": 530, "timestamp": "2024-01-10T09:32:52Z", "venue": "NYSE", "side": "buy"}
{"id": "bulk-173", "symbol": "GOOG", "price": 135.75, "quantity": 540, "timestamp": "2024-01-10T09:32:53Z", "venue": "NASDAQ", "side": "sell"}
{"id": "bulk-174", "symbol": "AAPL", "price": 137.5, "quantity": 550, "timestamp": "2024-01-10T09:32:54Z", "venue": "NYSE", "side": "buy"}
{"id": "bulk-175", "symbol": "MSFT", "price": 137.5, "quantity": 560, "timestamp": "2024-01-10T09:32:55Z", "venue": "NASDAQ", "side": "sell"}
{"id": "bulk-176", "symbol": "TSLA", "price": 139.25, "quantity": 570, "timestamp": "2024-01-10T09:32:56Z", "venue": "NYSE", "side": "buy"}
{"id": "bulk-177", "symbol": "AMZN", "price": 141.0, "quantity": 580, "timestamp": "2024-01-10T09:32:57Z", "venue": "NASDAQ", "side": "sell"}
{"id": "bulk-178", "symbol": "NVDA", "price": 142.75, "quantity": 590, "timestamp": "2024-01-10T09:32:58Z", "venue": "NYSE", "side": "buy"}
{"id": "bulk-179", "symbol": "GOOG", "price": 144.5, "quantity": 600, "timestamp": "2024-01-10T09:32:59Z", "venue": "NASDAQ", "side": "sell"}
{"id": "bulk-180", "symbol": "AAPL", "price": 146.25, "quantity": 610, "timestamp": "2024-01-10T09:33:00Z", "venue": "NYSE", "side": "buy"}
{"id": "bulk-181", "symbol": "MSFT", "price": 148.0, "quantity": 620, "timestamp": "2024-01-10T09:33:01Z", "venue": "NASDAQ", "side": "sell"}
{"id": "bulk-182", "symbol": "TSLA", "price": 148.0, "quantity": 630, "timestamp": "2024-01-10T09:33:02Z", "venue": "NYSE", "side": "buy"}
{"id": "bulk-183", "symbol": "AMZN", "price": 149.75, "quantity": 640, "timestamp": "2024-01-10T09:33:03Z", "venue": "NASDAQ", "side": "sell"}
{"id": "bulk-184", "symbol": "NVDA", "price": 151.5, "quantity": 650, "timestamp": "2024-01-10T09:33:04Z", "venue": "NYSE", "side": "buy"}
{"id": "bulk-185", "symbol": "GOOG", "price": 153.25, "quantity": 660, "timestamp": "2024-01-10T09:33:05Z", "venue": "NASDAQ", "side": "sell"}
{"id": "bulk-186", "symbol": "AAPL", "price": 155.0, "quantity": 670, "timestamp": "2024-01-10T09:33:06Z", "venue": "NYSE", "side": "buy"}
{"id": "bulk-187", "symbol": "MSFT", "price": 156.75, "quantity": 680, "timestamp": "2024-01-10T09:33:07Z", "venue": "NASDAQ", "side": "sell"}
{"id": "bulk-188", "symbol": "TSLA", "price": 158.5, "quantity": 690, "timestamp": "2024-01-10T09:33:08Z", "venue": "NYSE", "side": "buy"}
{"id": "bulk-189", "symbol": "AMZN", "price": 158.5, "quantity": 700, "timestamp": "2024-01-10T09:33:09Z", "venue": "NASDAQ", "side": "sell"}
{"id": "bulk-190", "symbol": "NVDA", "price": 160.25, "quantity": 710, "timestamp": "2024-01-10T09:33:10Z", "venue": "NYSE", "side": "buy"}
{"id": "bulk-191", "symbol": "GOOG", "price": 162.0, "quantity": 720, "timestamp": "2024-01-10T09:33:11Z", "venue": "NASDAQ", "side": "sell"}
{"id": "bulk-192", "symbol": "AAPL", "price": 163.75, "quantity": 730, "timestamp": "2024-01-10T09:33:12Z", "venue": "NYSE", "side": "buy"}
{"id": "bulk-193", "symbol": "MSFT", "price": 165.5, "quantity": 740, "timestamp": "2024-01-10T09:33:13Z", "venue": "NASDAQ", "side": "sell"}
{"id": "bulk-194", "symbol": "TSLA", "price": 167.25, "quantity": 750, "timestamp": "2024-01-10T09:33:14Z", "venue": "NYSE", "side": "buy"}
{"id": "bulk-195", "symbol": "AMZN", "price": 169.0, "quantity": 760, "timestamp": "2024-01-10T09:33:15Z", "venue": "NASDAQ", "side": "sell"}
{"id": "bulk-196", "symbol": "NVDA", "price": 169.0, "quantity": 770, "timestamp": "2024-01-10T09:33:16Z", "venue": "NYSE", "side": "buy"}
{"id": "bulk-197", "symbol": "GOOG", "price": 170.75, "quantity": 780, "timestamp": "2024-01-10T09:33:17Z", "venue": "NASDAQ", "side": "sell"}
{"id": "bulk-198", "symbol": "AAPL", "price": 172.5, "quantity": 790, "timestamp": "2024-01-10T09:33:18Z", "venue": "NYSE", "side": "buy"}
{"id": "bulk-199", "symbol": "MSFT", "price": 174.25, "quantity": 800, "timestamp": "2024-01-10T09:33:19Z", "venue": "NASDAQ", "side": "sell"}
{"id": "bulk-200", "symbol": "TSLA", "price": 101.0, "quantity": 810, "timestamp": "2024-01-10T09:33:20Z", "venue": "NYSE", "side": "buy"}
{"id": "bulk-201", "symbol": "AMZN", "price": 102.75, "quantity": 820, "timestamp": "2024-01-10T09:33:21Z", "venue": "NASDAQ", "side": "sell"}
{"id": "bulk-202", "symbol": "NVDA", "price": 104.5, "quantity": 830, "timestamp": "2024-01-10T09:33:22Z", "venue": "NYSE", "side": "buy"}
{"id": "bulk-203", "symbol": "GOOG", "price": 104.5, "quantity": 840, "timestamp": "2024-01-10T09:33:23Z", "venue": "NASDAQ", "side": "sell"}
{"id": "bulk-204", "symbol": "AAPL", "price": 106.25, "quantity": 850, "timestamp": "2024-01-10T09:33:24Z", "venue": "NYSE", "side": "buy"}
{"id": "bulk-205", "symbol": "MSFT", "price": 108.0, "quantity": 860, "timestamp": "2024-01-10T09:33:25Z", "venue": "NASDAQ", "side": "sell"}
{"id": "bulk-206", "symbol": "TSLA", "price": 109.75, "quantity": 870, "timestamp": "2024-01-10T09:33:26Z", "venue": "NYSE", "side": "buy"}
{"id": "bulk-207", "symbol": "AMZN", "price": 111.5, "quantity": 880, "timestamp": "2024-01-10T09:33:27Z", "venue": "NASDAQ", "side": "sell"}
{"id": "bulk-208", "symbol": "NVDA", "price": 113.25, "quantity": 890, "timestamp": "2024-01-10T09:33:28Z", "venue": "NYSE", "side": "buy"}
{"id": "bulk-209", "symbol": "GOOG", "price": 115.0, "quantity": 900, "timestamp": "2024-01-10T09:33:29Z", "venue": "NASDAQ", "side": "sell"}
{"id": "bulk-210", "symbol": "AAPL", "price": 115.0, "quantity": 910, "timestamp": "2024-01-10T09:33:30Z", "venue": "NYSE", "side": "buy"}
{"id": "bulk-211", "symbol": "MSFT", "price": 116.75, "quantity": 920, "timestamp": "2024-01-10T09:33:31Z", "venue": "NASDAQ", "side": "sell"}
{"id": "bulk-212", "symbol": "TSLA", "price": 118.5, "quantity": 930, "timestamp": "2024-01-10T09:33:32Z", "venue": "NYSE", "side": "buy"}
{"id": "bulk-213", "symbol": "AMZN", "price": 120.25, "quantity": 940, "timestamp": "2024-01-10T09:33:33Z", "venue": "NASDAQ", "side": "sell"}
{"id": "bulk-214", "symbol": "NVDA", "price": 122.0, "quantity": 950, "timestamp": "2024-01-10T09:33:34Z", "venue": "NYSE", "side": "buy"}
{"id": "bulk-215", "symbol": "GOOG", "price": 123.75, "quantity": 960, "timestamp": "2024-01-10T09:33:35Z", "venue": "NASDAQ", "side": "sell"}
{"id": "bulk-216", "symbol": "AAPL", "price": 125.5, "quantity": 970, "timestamp": "2024-01-10T09:33:36Z", "venue": "NYSE", "side": "buy"}
{"id": "bulk-217", "symbol": "MSFT", "price": 125.5, "quantity": 980, "timestamp": "2024-01-10T09:33:37Z", "venue": "NASDAQ", "side": "sell"}
{"id": "bulk-218", "symbol": "TSLA", "price": 127.25, "quantity": 990, "timestamp": "2024-01-10T09:33:38Z", "venue": "NYSE", "side": "buy"}
{"id": "bulk-219", "symbol": "AMZN", "price": 129.0, "quantity": 1000, "timestamp": "2024-01-10T09:33:39Z", "venue": "NASDAQ", "side": "sell"}
{"id": "bulk-220", "symbol": "NVDA", "price": 130.75, "quantity": 1010, "timestamp": "2024-01-10T09:33:40Z", "venue": "NYSE", "side": "buy"}
{"id": "bulk-221", "symbol": "GOOG", "price": 132.5, "quantity": 1020, "timestamp": "2024-01-10T09:33:41Z", "venue": "NASDAQ", "side": "sell"}
{"id": "bulk-222", "symbol": "AAPL", "price": 134.25, "quantity": 1030, "timestamp": "2024-01-10T09:33:42Z", "venue": "NYSE", "side": "buy"}
{"id": "bulk-223", "symbol": "MSFT", "price": 136.0, "quantity": 1040, "timestamp": "2024-01-10T09:33:43Z", "venue": "NASDAQ", "side": "sell"}
{"id": "bulk-224", "symbol": "TSLA", "price": 136.0, "quantity": 1050, "timestamp": "2024-01-10T09:33:44Z", "venue": "NYSE", "side": "buy"}
{"id": "bulk-225", "symbol": "AMZN", "price": 137.75, "quantity": 1060, "timestamp": "2024-01-10T09:33:45Z", "venue": "NASDAQ", "side": "sell"}
{"id": "bulk-226", "symbol": "NVDA", "price": 139.5, "quantity": 1070, "timestamp": "2024-01-10T09:33:46Z", "venue": "NYSE", "side": "buy"}
{"id": "bulk-227", "symbol": "GOOG", "price": 141.25, "quantity": 1080, "timestamp": "2024-01-10T09:33:47Z", "venue": "NASDAQ", "side": "sell"}
{"id": "bulk-228", "symbol": "AAPL", "price": 143.0, "quantity": 1090, "timestamp": "2024-01-10T09:33:48Z", "venue": "NYSE", "side": "buy"}
{"id": "bulk-229", "symbol": "MSFT", "price": 144.75, "quantity": 1100, "timestamp": "2024-01-10T09:33:49Z", "venue": "NASDAQ", "side": "sell"}
{"id": "bulk-230", "symbol": "TSLA", "price": 146.5, "quantity": 1110, "timestamp": "2024-01-10T09:33:50Z", "venue": "NYSE", "side": "buy"}
{"id": "bulk-231", "symbol": "AMZN", "price": 146.5, "quantity": 1120, "timestamp": "2024-01-10T09:33:51Z", "venue": "NASDAQ", "side": "sell"}
{"id": "bulk-232", "symbol": "NVDA", "price": 148.25, "quantity": 1130, "timestamp": "2024-01-10T09:33:52Z", "venue": "NYSE", "side": "buy"}
{"id": "bulk-233", "symbol": "GOOG", "price": 150.0, "quantity": 1140, "timestamp": "2024-01-10T09:33:53Z", "venue": "NASDAQ", "side": "sell"}
{"id": "bulk-234", "symbol": "AAPL", "price": 151.75, "quantity": 1150, "timestamp": "2024-01-10T09:33:54Z", "venue": "NYSE", "side": "buy"}
{"id": "bulk-235", "symbol": "MSFT", "price": 153.5, "quantity": 1160, "timestamp": "2024-01-10T09:33:55Z", "venue": "NASDAQ", "side": "sell"}
{"id": "bulk-236", "symbol": "TSLA", "price": 155.25, "quantity": 1170, "timestamp": "2024-01-10T09:33:56Z", "venue": "NYSE", "side": "buy"}
{"id": "bulk-237", "symbol": "AMZN", "price": 157.0, "quantity": 1180, "timestamp": "2024-01-10T09:33:57Z", "venue": "NASDAQ", "side": "sell"}
{"id": "bulk-238", "symbol": "NVDA", "price": 157.0, "quantity": 1190, "timestamp": "2024-01-10T09:33:58Z", "venue": "NYSE", "side": "buy"}
{"id": "bulk-239", "symbol": "GOOG", "price": 158.75, "quantity": 1200, "timestamp": "2024-01-10T09:33:59Z", "venue": "NASDAQ", "side": "sell"}
{"id": "bulk-240", "symbol": "AAPL", "price": 160.5, "quantity": 10, "timestamp": "2024-01-10T09:34:00Z", "venue": "NYSE", "side": "buy"}
{"id": "bulk-241", "symbol": "MSFT", "price": 162.25, "quantity": 20, "timestamp": "2024-01-10T09:34:01Z", "venue": "NASDAQ", "side": "sell"}
{"id": "bulk-242", "symbol": "TSLA", "price": 164.0, "quantity": 30, "timestamp": "2024-01-10T09:34:02Z", "venue": "NYSE", "side": "buy"}
{"id": "bulk-243", "symbol": "AMZN", "price": 165.75, "quantity": 40, "timestamp": "2024-01-10T09:34:03Z", "venue": "NASDAQ", "side": "sell"}
{"id": "bulk-244", "symbol": "NVDA", "price": 167.5, "quantity": 50, "timestamp": "2024-01-10T09:34:04Z", "venue": "NYSE", "side": "buy"}
{"id": "bulk-245", "symbol": "GOOG", "price": 167.5, "quantity": 60, "timestamp": "2024-01-10T09:34:05Z", "venue": "NASDAQ", "side": "sell"}
{"id": "bulk-246", "symbol": "AAPL", "price": 169.25, "quantity": 70, "timestamp": "2024-01-10T09:34:06Z", "venue": "NYSE", "side": "buy"}
{"id": "bulk-247", "symbol": "MSFT", "price": 171.0, "quantity": 80, "timestamp": "2024-01-10T09:34:07Z", "venue": "NASDAQ", "side": "sell"}
{"id": "bulk-248", "symbol": "TSLA", "price": 172.75, "quantity": 90, "timestamp": "2024-01-10T09:34:08Z", "venue": "NYSE", "side": "buy"}
{"id": "bulk-249", "symbol": "AMZN", "price": 174.5, "quantity": 100, "timestamp": "2024-01-10T09:34:09Z", "venue": "NASDAQ", "side": "sell"}
{"id": "bulk-250", "symbol": "NVDA", "price": 101.25, "quantity": 110, "timestamp": "2024-01-10T09:34:10Z", "venue": "NYSE", "side": "buy"}
{"id": "bulk-251", "symbol": "GOOG", "price": 103.0, "quantity": 120, "timestamp": "2024-01-10T09:34:11Z", "venue": "NASDAQ", "side": "sell"}
{"id": "bulk-252", "symbol": "AAPL", "price": 103.0, "quantity": 130, "timestamp": "2024-01-10T09:34:12Z", "venue": "NYSE", "side": "buy"}
{"id": "bulk-253", "symbol": "MSFT", "price": 104.75, "quantity": 140, "timestamp": "2024-01-10T09:34:13Z", "venue": "NASDAQ", "side": "sell"}
{"id": "bulk-254", "symbol": "TSLA", "price": 106.5, "quantity": 150, "timestamp": "2024-01-10T09:34:14Z", "venue": "NYSE", "side": "buy"}
{"id": "bulk-255", "symbol": "AMZN", "price": 108.25, "quantity": 160, "timestamp": "2024-01-10T09:34:15Z", "venue": "NASDAQ", "side": "sell"}
{"id": "bulk-256", "symbol": "NVDA", "price": 110.0, "quantity": 170, "timestamp": "2024-01-10T09:34:16Z", "venue": "NYSE", "side": "buy"}
{"id": "bulk-257", "symbol": "GOOG", "price": 111.75, "quantity": 180, "timestamp": "2024-01-10T09:34:17Z", "venue": "NASDAQ", "side": "sell"}
{"id": "bulk-258", "symbol": "AAPL", "price": 113.5, "quantity": 190, "timestamp": "2024-01-10T09:34:18Z", "venue": "NYSE", "side": "buy"}
{"id": "bulk-259", "symbol": "MSFT", "price": 113.5, "quantity": 200, "timestamp": "2024-01-10T09:34:19Z", "venue": "NASDAQ", "side": "sell"}
{"id": "bulk-260", "symbol": "TSLA", "price": 115.25, "quantity": 210, "timestamp": "2024-01-10T09:34:20Z", "venue": "NYSE", "side": "buy"}
{"id": "bulk-261", "symbol": "AMZN", "price": 117.0, "quantity": 220, "timestamp": "2024-01-10T09:34:21Z", "venue": "NASDAQ", "side": "sell"}
{"id": "bulk-262", "symbol": "NVDA", "price": 118.75, "quantity": 230, "timestamp": "2024-01-10T09:34:22Z", "venue": "NYSE", "side": "buy"}
{"id": "bulk-263", "symbol": "GOOG", "price": 120.5, "quantity": 240, "timestamp": "2024-01-10T09:34:23Z", "venue": "NASDAQ", "side": "sell"}
{"id": "bulk-264", "symbol": "AAPL", "price": 122.25, "quantity": 250, "timestamp": "2024-01-10T09:34:24Z", "venue": "NYSE", "side": "buy"}
{"id": "bulk-265", "symbol": "MSFT", "price": 124.0, "quantity": 260, "timestamp": "2024-01-10T09:34:25Z", "venue": "NASDAQ", "side": "sell"}
{"id": "bulk-266", "symbol": "TSLA", "price": 124.0, "quantity": 270, "timestamp": "2024-01-10T09:34:26Z", "venue": "NYSE", "side": "buy"}
{"id": "bulk-267", "symbol": "AMZN", "price": 125.75, "quantity": 280, "timestamp": "2024-01-10T09:34:27Z", "venue": "NASDAQ", "side": "sell"}
{"id": "bulk-268", "symbol": "NVDA", "price": 127.5, "quantity": 290, "timestamp": "2024-01-10T09:34:28Z", "venue": "NYSE", "side": "buy"}
{"id": "bulk-269", "symbol": "GOOG", "price": 129.25, "quantity": 300, "timestamp": "2024-01-10T09:34:29Z", "venue": "NASDAQ", "side": "sell"}
{"id": "bulk-270", "symbol": "AAPL", "price": 131.0, "quantity": 310, "timestamp": "2024-01-10T09:34:30Z", "venue": "NYSE", "side": "buy"}
{"id": "bulk-271", "symbol": "MSFT", "price": 132.75, "quantity": 320, "timestamp": "2024-01-10T09:34:31Z", "venue": "NASDAQ", "side": "sell"}
{"id": "bulk-272", "symbol": "TSLA", "price": 134.5, "quantity": 330, "timestamp": "2024-01-10T09:34:32Z", "venue": "NYSE", "side": "buy"}
{"id": "bulk-273", "symbol": "AMZN", "price": 134.5, "quantity": 340, "timestamp": "2024-01-10T09:34:33Z", "venue": "NASDAQ", "side": "sell"}
{"id": "bulk-274", "symbol": "NVDA", "price": 136.25, "quantity": 350, "timestamp": "2024-01-10T09:34:34Z", "venue": "NYSE", "side": "buy"}
{"id": "bulk-275", "symbol": "GOOG", "price": 138.0, "quantity": 360, "timestamp": "2024-01-10T09:34:35Z", "venue": "NASDAQ", "side": "sell"}
{"id": "bulk-276", "symbol": "AAPL", "price": 139.75, "quantity": 370, "timestamp": "2024-01-10T09:34:36Z", "venue": "NYSE", "side": "buy"}
{"id": "bulk-277", "symbol": "MSFT", "price": 141.5, "quantity": 380, "timestamp": "2024-01-10T09:34:37Z", "venue": "NASDAQ", "side": "sell"}
{"id": "bulk-278", "symbol": "TSLA", "price": 143.25, "quantity": 390, "timestamp": "2024-01-10T09:34:38Z", "venue": "NYSE", "side": "buy"}
{"id": "bulk-279", "symbol": "AMZN", "price": 145.0, "quantity": 400, "timestamp": "2024-01-10T09:34:39Z", "venue": "NASDAQ", "side": "sell"}
{"id": "bulk-280", "symbol": "NVDA", "price": 145.0, "quantity": 410, "timestamp": "2024-01-10T09:34:40Z", "venue": "NYSE", "side": "buy"}
{"id": "bulk-281", "symbol": "GOOG", "price": 146.75, "quantity": 420, "timestamp": "2024-01-10T09:34:41Z", "venue": "NASDAQ", "side": "sell"}
{"id": "bulk-282", "symbol": "AAPL", "price": 148.5, "quantity": 430, "timestamp": "2024-01-10T09:34:42Z", "venue": "NYSE", "side": "buy"}
{"id": "bulk-283", "symbol": "MSFT", "price": 150.25, "quantity": 440, "timestamp": "2024-01-10T09:34:43Z", "venue": "NASDAQ", "side": "sell"}
{"id": "bulk-284", "symbol": "TSLA", "price": 152.0, "quantity": 450, "timestamp": "2024-01-10T09:34:44Z", "venue": "NYSE", "side": "buy"}
{"id": "bulk-285", "symbol": "AMZN", "price": 153.75, "quantity": 460, "timestamp": "2024-01-10T09:34:45Z", "venue": "NASDAQ", "side": "sell"}
{"id": "bulk-286", "symbol": "NVDA", "price": 155.5, "quantity": 470, "timestamp": "2024-01-10T09:34:46Z", "venue": "NYSE", "side": "buy"}
{"id": "bulk-287", "symbol": "GOOG", "price": 155.5, "quantity": 480, "timestamp": "2024-01-10T09:34:47Z", "venue": "NASDAQ", "side": "sell"}
{"id": "bulk-288", "symbol": "AAPL", "price": 157.25, "quantity": 490, "timestamp": "2024-01-10T09:34:48Z", "venue": "NYSE", "side": "buy"}
{"id": "bulk-289", "symbol": "MSFT", "price": 159.0, "quantity": 500, "timestamp": "2024-01-10T09:34:49Z", "venue": "NASDAQ", "side": "sell"}
{"id": "bulk-290", "symbol": "TSLA", "price": 160.75, "quantity": 510, "timestamp": "2024-01-10T09:34:50Z", "venue": "NYSE", "side": "buy"}
{"id": "bulk-291", "symbol": "AMZN", "price": 162.5, "quantity": 520, "timestamp": "2024-01-10T09:34:51Z", "venue": "NASDAQ", "side": "sell"}
{"id": "bulk-292", "symbol": "NVDA", "price": 164.25, "quantity": 530, "timestamp": "2024-01-10T09:34:52Z", "venue": "NYSE", "side": "buy"}
{"id": "bulk-293", "symbol": "GOOG", "price": 166.0, "quantity": 540, "timestamp": "2024-01-10T09:34:53Z", "venue": "NASDAQ", "side": "sell"}
{"id": "bulk-294", "symbol": "AAPL", "price": 166.0, "quantity": 550, "timestamp": "2024-01-10T09:34:54Z", "venue": "NYSE", "side": "buy"}
{"id": "bulk-295", "symbol": "MSFT", "price": 167.75, "quantity": 560, "timestamp": "2024-01-10T09:34:55Z", "venue": "NASDAQ", "side": "sell"}
{"id": "bulk-296", "symbol": "TSLA", "price": 169.5, "quantity": 570, "timestamp": "2024-01-10T09:34:56Z", "venue": "NYSE", "side": "buy"}
{"id": "bulk-297", "symbol": "AMZN", "price": 171.25, "quantity": 580, "timestamp": "2024-01-10T09:34:57Z", "venue": "NASDAQ", "side": "sell"}
{"id": "bulk-298", "symbol": "NVDA", "price": 173.0, "quantity": 590, "timestamp": "2024-01-10T09:34:58Z", "venue": "NYSE", "side": "buy"}
{"id": "bulk-299", "symbol": "GOOG", "price": 174.75, "quantity": 600, "timestamp": "2024-01-10T09:34:59Z", "venue": "NASDAQ", "side": "sell"}
{"id": "bulk-300", "symbol": "AAPL", "price": 101.5, "quantity": 610, "timestamp": "2024-01-10T09:35:00Z", "venue": "NYSE", "side": "buy"}
{"id": "bulk-301", "symbol": "MSFT", "price": 101.5, "quantity": 620, "timestamp": "2024-01-10T09:35:01Z", "venue": "NASDAQ", "side": "sell"}
{"id": "bulk-302", "symbol": "TSLA", "price": 103.25, "quantity": 630, "timestamp": "2024-01-10T09:35:02Z", "venue": "NYSE", "side": "buy"}
{"id": "bulk-303", "symbol": "AMZN", "price": 105.0, "quantity": 640, "timestamp": "2024-01-10T09:35:03Z", "venue": "NASDAQ", "side": "sell"}
{"id": "bulk-304", "symbol": "NVDA", "price": 106.75, "quantity": 650, "timestamp": "2024-01-10T09:35:04Z", "venue": "NYSE", "side": "buy"}
{"id": "bulk-305", "symbol": "GOOG", "price": 108.5, "quantity": 660, "timestamp": "2024-01-10T09:35:05Z", "venue": "NASDAQ", "side": "sell"}
{"id": "bulk-306", "symbol": "AAPL", "price": 110.25, "quantity": 670, "timestamp": "2024-01-10T09:35:06Z", "venue": "NYSE", "side": "buy"}
{"id": "bulk-307", "symbol": "MSFT", "price": 112.0, "quantity": 680, "timestamp": "2024-01-10T09:35:07Z", "venue": "NASDAQ", "side": "sell"}
{"id": "bulk-308", "symbol": "TSLA", "price": 112.0, "quantity": 690, "timestamp": "2024-01-10T09:35:08Z", "venue": "NYSE", "side": "buy"}
{"id": "bulk-309", "symbol": "AMZN", "price": 113.75, "quantity": 700, "timestamp": "2024-01-10T09:35:09Z", "venue": "NASDAQ", "side": "sell"}
{"id": "bulk-310", "symbol": "NVDA", "price": 115.5, "quantity": 710, "timestamp": "2024-01-10T09:35:10Z", "venue": "NYSE", "side": "buy"}
{"id": "bulk-311", "symbol": "GOOG", "price": 117.25, "quantity": 720, "timestamp": "2024-01-10T09:35:11Z", "venue": "NASDAQ", "side": "sell"}
{"id": "bulk-312", "symbol": "AAPL", "price": 119.0, "quantity": 730, "timestamp": "2024-01-10T09:35:12Z", "venue": "NYSE", "side": "buy"}
{"id": "bulk-313", "symbol": "MSFT", "price": 120.75, "quantity": 740, "timestamp": "2024-01-10T09:35:13Z", "venue": "NASDAQ", "side": "sell"}
{"id": "bulk-314", "symbol": "TSLA", "price": 122.5, "quantity": 750, "timestamp": "2024-01-10T09:35:14Z", "venue": "NYSE", "side": "buy"}
{"id": "bulk-315", "symbol": "AMZN", "price": 122.5, "quantity": 760, "timestamp": "2024-01-10T09:35:15Z", "venue": "NASDAQ", "side": "sell"}
{"id": "bulk-316", "symbol": "NVDA", "price": 124.25, "quantity": 770, "timestamp": "2024-01-10T09:35:16Z", "venue": "NYSE", "side": "buy"}
{"id": "bulk-317", "symbol": "GOOG", "price": 126.0, "quantity": 780, "timestamp": "2024-01-10T09:35:17Z", "venue": "NASDAQ", "side": "sell"}
{"id": "bulk-318", "symbol": "AAPL", "price": 127.75, "quantity": 790, "timestamp": "2024-01-10T09:35:18Z", "venue": "NYSE", "side": "buy"}
{"id": "bulk-319", "symbol": "MSFT", "price": 129.5, "quantity": 800, "timestamp": "2024-01-10T09:35:19Z", "venue": "NASDAQ", "side": "sell"}
{"id": "bulk-320", "symbol": "TSLA", "price": 131.25, "quantity": 810, "timestamp": "2024-01-10T09:35:20Z", "venue": "NYSE", "side": "buy"}
{"id": "bulk-321", "symbol": "AMZN", "price": 133.0, "quantity": 820, "timestamp": "2024-01-10T09:35:21Z", "venue": "NASDAQ", "side": "sell"}
{"id": "bulk-322", "symbol": "NVDA", "price": 133.0, "quantity": 830, "timestamp": "2024-01-10T09:35:22Z", "venue": "NYSE", "side": "buy"}
{"id": "bulk-323", "symbol": "GOOG", "price": 134.75, "quantity": 840, "timestamp": "2024-01-10T09:35:23Z", "venue": "NASDAQ", "side": "sell"}
{"id": "bulk-324", "symbol": "AAPL", "price": 136.5, "quantity": 850, "timestamp": "2024-01-10T09:35:24Z", "venue": "NYSE", "side": "buy"}
{"id": "bulk-325", "symbol": "MSFT", "price": 138.25, "quantity": 860, "timestamp": "2024-01-10T09:35:25Z", "venue": "NASDAQ", "side": "sell"}
{"id": "bulk-326", "symbol": "TSLA", "price": 140.0, "quantity": 870, "timestamp": "2024-01-10T09:35:26Z", "venue": "NYSE", "side": "buy"}
{"id": "bulk-327", "symbol": "AMZN", "price": 141.75, "quantity": 880, "timestamp": "2024-01-10T09:35:27Z", "venue": "NASDAQ", "side": "sell"}
{"id": "bulk-328", "symbol": "NVDA", "price": 143.5, "quantity": 890, "timestamp": "2024-01-10T09:35:28Z", "venue": "NYSE", "side": "buy"}
{"id": "bulk-329", "symbol": "GOOG", "price": 143.5, "quantity": 900, "timestamp": "2024-01-10T09:35:29Z", "venue": "NASDAQ", "side": "sell"}
{"id": "bulk-330", "symbol": "AAPL", "price": 145.25, "quantity": 910, "timestamp": "2024-01-10T09:35:30Z", "venue": "NYSE", "side": "buy"}
{"id": "bulk-331", "symbol": "MSFT", "price": 147.0, "quantity": 920, "timestamp": "2024-01-10T09:35:31Z", "venue": "NASDAQ", "side": "sell"}
{"id": "bulk-332", "symbol": "TSLA", "price": 148.75, "quantity": 930, "timestamp": "2024-01-10T09:35:32Z", "venue": "NYSE", "side": "buy"}
{"id": "bulk-333", "symbol": "AMZN", "price": 150.5, "quantity": 940, "timestamp": "2024-01-10T09:35:33Z", "venue": "NASDAQ", "side": "sell"}
{"id": "bulk-334", "symbol": "NVDA", "price": 152.25, "quantity": 950, "timestamp": "2024-01-10T09:35:34Z", "venue": "NYSE", "side": "buy"}
{"id": "bulk-335", "symbol": "GOOG", "price": 154.0, "quantity": 960, "timestamp": "2024-01-10T09:35:35Z", "venue": "NASDAQ", "side": "sell"}
{"id": "bulk-336", "symbol": "AAPL", "price": 154.0, "quantity": 970, "timestamp": "2024-01-10T09:35:36Z", "venue": "NYSE", "side": "buy"}
{"id": "bulk-337", "symbol": "MSFT", "price": 155.75, "quantity": 980, "timestamp": "2024-01-10T09:35:37Z", "venue": "NASDAQ", "side": "sell"}
{"id": "bulk-338", "symbol": "TSLA", "price": 157.5, "quantity": 990, "timestamp": "2024-01-10T09:35:38Z", "venue": "NYSE", "side": "buy"}
{"id": "bulk-339", "symbol": "AMZN", "price": 159.25, "quantity": 1000, "timestamp": "2024-01-10T09:35:39Z", "venue": "NASDAQ", "side": "sell"}
{"id": "bulk-340", "symbol": "NVDA", "price": 161.0, "quantity": 1010, "timestamp": "2024-01-10T09:35:40Z", "venue": "NYSE", "side": "buy"}
{"id": "bulk-341", "symbol": "GOOG", "price": 162.75, "quantity": 1020, "timestamp": "2024-01-10T09:35:41Z", "venue": "NASDAQ", "side": "sell"}
{"id": "bulk-342", "symbol": "AAPL", "price": 164.5, "quantity": 1030, "timestamp": "2024-01-10T09:35:42Z", "venue": "NYSE", "side": "buy"}
{"id": "bulk-343", "symbol": "MSFT", "price": 164.5, "quantity": 1040, "timestamp": "2024-01-10T09:35:43Z", "venue": "NASDAQ", "side": "sell"}
{"id": "bulk-344", "symbol": "TSLA", "price": 166.25, "quantity": 1050, "timestamp": "2024-01-10T09:35:44Z", "venue": "NYSE", "side": "buy"}
{"id": "bulk-345", "symbol": "AMZN", "price": 168.0, "quantity": 1060, "timestamp": "2024-01-10T09:35:45Z", "venue": "NASDAQ", "side": "sell"}
{"id": "bulk-346", "symbol": "NVDA", "price": 169.75, "quantity": 1070, "timestamp": "2024-01-10T09:35:46Z", "venue": "NYSE", "side": "buy"}
{"id": "bulk-347", "symbol": "GOOG", "price": 171.5, "quantity": 1080, "timestamp": "2024-01-10T09:35:47Z", "venue": "NASDAQ", "side": "sell"}
{"id": "bulk-348", "symbol": "AAPL", "price": 173.25, "quantity": 1090, "timestamp": "2024-01-10T09:35:48Z", "venue": "NYSE", "side": "buy"}
{"id": "bulk-349", "symbol": "MSFT", "price": 175.0, "quantity": 1100, "timestamp": "2024-01-10T09:35:49Z", "venue": "NASDAQ", "side": "sell"}
{"id": "bulk-350", "symbol": "TSLA", "price": 100.0, "quantity": 1110, "timestamp": "2024-01-10T09:35:50Z", "venue": "NYSE", "side": "buy"}
{"id": "bulk-351", "symbol": "AMZN", "price": 101.75, "quantity": 1120, "timestamp": "2024-01-10T09:35:51Z", "venue": "NASDAQ", "side": "sell"}
{"id": "bulk-352", "symbol": "NVDA", "price": 103.5, "quantity": 1130, "timestamp": "2024-01-10T09:35:52Z", "venue": "NYSE", "side": "buy"}
{"id": "bulk-353", "symbol": "GOOG", "price": 105.25, "quantity": 1140, "timestamp": "2024-01-10T09:35:53Z", "venue": "NASDAQ", "side": "sell"}
{"id": "bulk-354", "symbol": "AAPL", "price": 107.0, "quantity": 1150, "timestamp": "2024-01-10T09:35:54Z", "venue": "NYSE", "side": "buy"}
{"id": "bulk-355", "symbol": "MSFT", "price": 108.75, "quantity": 1160, "timestamp": "2024-01-10T09:35:55Z", "venue": "NASDAQ", "side": "sell"}
{"id": "bulk-356", "symbol": "TSLA", "price": 110.5, "quantity": 1170, "timestamp": "2024-01-10T09:35:56Z", "venue": "NYSE", "side": "buy"}
{"id": "bulk-357", "symbol": "AMZN", "price": 110.5, "quantity": 1180, "timestamp": "2024-01-10T09:35:57Z", "venue": "NASDAQ", "side": "sell"}
{"id": "bulk-358", "symbol": "NVDA", "price": 112.25, "quantity": 1190, "timestamp": "2024-01-10T09:35:58Z", "venue": "NYSE", "side": "buy"}
{"id": "bulk-359", "symbol": "GOOG", "price": 114.0, "quantity": 1200, "timestamp": "2024-01-10T09:35:59Z", "venue": "NASDAQ", "side": "sell"}
{"id": "bulk-360", "symbol": "AAPL", "price": 115.75, "quantity": 10, "timestamp": "2024-01-10T09:36:00Z", "venue": "NYSE", "side": "buy"}
{"id": "bulk-361", "symbol": "MSFT", "price": 117.5, "quantity": 20, "timestamp": "2024-01-10T09:36:01Z", "venue": "NASDAQ", "side": "sell"}
{"id": "bulk-362", "symbol": "TSLA", "price": 119.25, "quantity": 30, "timestamp": "2024-01-10T09:36:02Z", "venue": "NYSE", "side": "buy"}
{"id": "bulk-363", "symbol": "AMZN", "price": 121.0, "quantity": 40, "timestamp": "2024-01-10T09:36:03Z", "venue": "NASDAQ", "side": "sell"}
{"id": "bulk-364", "symbol": "NVDA", "price": 121.0, "quantity": 50, "timestamp": "2024-01-10T09:36:04Z", "venue": "NYSE", "side": "buy"}
{"id": "bulk-365", "symbol": "GOOG", "price": 122.75, "quantity": 60, "timestamp": "2024-01-10T09:36:05Z", "venue": "NASDAQ", "side": "sell"}
{"id": "bulk-366", "symbol": "AAPL", "price": 124.5, "quantity": 70, "timestamp": "2024-01-10T09:36:06Z", "venue": "NYSE", "side": "buy"}
{"id": "bulk-367", "symbol": "MSFT", "price": 126.25, "quantity": 80, "timestamp": "2024-01-10T09:36:07Z", "venue": "NASDAQ", "side": "sell"}
{"id": "bulk-368", "symbol": "TSLA", "price": 128.0, "quantity": 90, "timestamp": "2024-01-10T09:36:08Z", "venue": "NYSE", "side": "buy"}
{"id": "bulk-369", "symbol": "AMZN", "price": 129.75, "quantity": 100, "timestamp": "2024-01-10T09:36:09Z", "venue": "NASDAQ", "side": "sell"}
{"id": "bulk-370", "symbol": "NVDA", "price": 131.5, "quantity": 110, "timestamp": "2024-01-10T09:36:10Z", "venue": "NYSE", "side": "buy"}
{"id": "bulk-371", "symbol": "GOOG", "price": 131.5, "quantity": 120, "timestamp": "2024-01-10T09:36:11Z", "venue": "NASDAQ", "side": "sell"}
{"id": "bulk-372", "symbol": "AAPL", "price": 133.25, "quantity": 130, "timestamp": "2024-01-10T09:36:12Z", "venue": "NYSE", "side": "buy"}
{"id": "bulk-373", "symbol": "MSFT", "price": 135.0, "quantity": 140, "timestamp": "2024-01-10T09:36:13Z", "venue": "NASDAQ", "side": "sell"}
{"id": "bulk-374", "symbol": "TSLA", "price": 136.75, "quantity": 150, "timestamp": "2024-01-10T09:36:14Z", "venue": "NYSE", "side": "buy"}
{"id": "bulk-375", "symbol": "AMZN", "price": 138.5, "quantity": 160, "timestamp": "2024-01-10T09:36:15Z", "venue": "NASDAQ", "side": "sell"}
{"id": "bulk-376", "symbol": "NVDA", "price": 140.25, "quantity": 170, "timestamp": "2024-01-10T09:36:16Z", "venue": "NYSE", "side": "buy"}
{"id": "bulk-377", "symbol": "GOOG", "price": 142.0, "quantity": 180, "timestamp": "2024-01-10T09:36:17Z", "venue": "NASDAQ", "side": "sell"}
{"id": "bulk-378", "symbol": "AAPL", "price": 142.0, "quantity": 190, "timestamp": "2024-01-10T09:36:18Z", "venue": "NYSE", "side": "buy"}
{"id": "bulk-379", "symbol": "MSFT", "price": 143.75, "quantity": 200, "timestamp": "2024-01-10T09:36:19Z", "venue": "NASDAQ", "side": "sell"}
{"id": "bulk-380", "symbol": "TSLA", "price": 145.5, "quantity": 210, "timestamp": "2024-01-10T09:36:20Z", "venue": "NYSE", "side": "buy"}
{"id": "bulk-381", "symbol": "AMZN", "price": 147.25, "quantity": 220, "timestamp": "2024-01-10T09:36:21Z", "venue": "NASDAQ", "side": "sell"}
{"id": "bulk-382", "symbol": "NVDA", "price": 149.0, "quantity": 230, "timestamp": "2024-01-10T09:36:22Z", "venue": "NYSE", "side": "buy"}
{"id": "bulk-383", "symbol": "GOOG", "price": 150.75, "quantity": 240, "timestamp": "2024-01-10T09:36:23Z", "venue": "NASDAQ", "side": "sell"}
{"id": "bulk-384", "symbol": "AAPL", "price": 152.5, "quantity": 250, "timestamp": "2024-01-10T09:36:24Z", "venue": "NYSE", "side": "buy"}
{"id": "bulk-385", "symbol": "MSFT", "price": 152.5, "quantity": 260, "timestamp": "2024-01-10T09:36:25Z", "venue": "NASDAQ", "side": "sell"}
{"id": "bulk-386", "symbol": "TSLA", "price": 154.25, "quantity": 270, "timestamp": "2024-01-10T09:36:26Z", "venue": "NYSE", "side": "buy"}
{"id": "bulk-387", "symbol": "AMZN", "price": 156.0, "quantity": 280, "timestamp": "2024-01-10T09:36:27Z", "venue": "NASDAQ", "side": "sell"}
{"id": "bulk-388", "symbol": "NVDA", "price": 157.75, "quantity": 290, "timestamp": "2024-01-10T09:36:28Z", "venue": "NYSE", "side": "buy"}
{"id": "bulk-389", "symbol": "GOOG", "price": 159.5, "quantity": 300, "timestamp": "2024-01-10T09:36:29Z", "venue": "NASDAQ", "side": "sell"}
{"id": "bulk-390", "symbol": "AAPL", "price": 161.25, "quantity": 310, "timestamp": "2024-01-10T09:36:30Z", "venue": "NYSE", "side": "buy"}
{"id": "bulk-391", "symbol": "MSFT", "price": 163.0, "quantity": 320, "timestamp": "2024-01-10T09:36:31Z", "venue": "NASDAQ", "side": "sell"}
{"id": "bulk-392", "symbol": "TSLA", "price": 163.0, "quantity": 330, "timestamp": "2024-01-10T09:36:32Z", "venue": "NYSE", "side": "buy"}
{"id": "bulk-393", "symbol": "AMZN", "price": 164.75, "quantity": 340, "timestamp": "2024-01-10T09:36:33Z", "venue": "NASDAQ", "side": "sell"}
{"id": "bulk-394", "symbol": "NVDA", "price": 166.5, "quantity": 350, "timestamp": "2024-01-10T09:36:34Z", "venue": "NYSE", "side": "buy"}
{"id": "bulk-395", "symbol": "GOOG", "price": 168.25, "quantity": 360, "timestamp": "2024-01-10T09:36:35Z", "venue": "NASDAQ", "side": "sell"}
{"id": "bulk-396", "symbol": "AAPL", "price": 170.0, "quantity": 370, "timestamp": "2024-01-10T09:36:36Z", "venue": "NYSE", "side": "buy"}
{"id": "bulk-397", "symbol": "MSFT", "price": 171.75, "quantity": 380, "timestamp": "2024-01-10T09:36:37Z", "venue": "NASDAQ", "side": "sell"}
{"id": "bulk-398", "symbol": "TSLA", "price": 173.5, "quantity": 390, "timestamp": "2024-01-10T09:36:38Z", "venue": "NYSE", "side": "buy"}
{"id": "bulk-399", "symbol": "AMZN", "price": 173.5, "quantity": 400, "timestamp": "2024-01-10T09:36:39Z", "venue": "NASDAQ", "side": "sell"}
{"id": "bulk-400", "symbol": "NVDA", "price": 100.25, "quantity": 410, "timestamp": "2024-01-10T09:36:40Z", "venue": "NYSE", "side": "buy"}
{"id": "bulk-401", "symbol": "GOOG", "price": 102.0, "quantity": 420, "timestamp": "2024-01-10T09:36:41Z", "venue": "NASDAQ", "side": "sell"}
{"id": "bulk-402", "symbol": "AAPL", "price": 103.75, "quantity": 430, "timestamp": "2024-01-10T09:36:42Z", "venue": "NYSE", "side": "buy"}
{"id": "bulk-403", "symbol": "MSFT", "price": 105.5, "quantity": 440, "timestamp": "2024-01-10T09:36:43Z", "venue": "NASDAQ", "side": "sell"}
{"id": "bulk-404", "symbol": "TSLA", "price": 107.25, "quantity": 450, "timestamp": "2024-01-10T09:36:44Z", "venue": "NYSE", "side": "buy"}
{"id": "bulk-405", "symbol": "AMZN", "price": 109.0, "quantity": 460, "timestamp": "2024-01-10T09:36:45Z", "venue": "NASDAQ", "side": "sell"}
{"id": "bulk-406", "symbol": "NVDA", "price": 109.0, "quantity": 470, "timestamp": "2024-01-10T09:36:46Z", "venue": "NYSE", "side": "buy"}
{"id": "bulk-407", "symbol": "GOOG", "price": 110.75, "quantity": 480, "timestamp": "2024-01-10T09:36:47Z", "venue": "NASDAQ", "side": "sell"}
{"id": "bulk-408", "symbol": "AAPL", "price": 112.5, "quantity": 490, "timestamp": "2024-01-10T09:36:48Z", "venue": "NYSE", "side": "buy"}
{"id": "bulk-409", "symbol": "MSFT", "price": 114.25, "quantity": 500, "timestamp": "2024-01-10T09:36:49Z", "venue": "NASDAQ", "side": "sell"}
{"id": "bulk-410", "symbol": "TSLA", "price": 116.0, "quantity": 510, "timestamp": "2024-01-10T09:36:50Z", "venue": "NYSE", "side": "buy"}
{"id": "bulk-411", "symbol": "AMZN", "price": 117.75, "quantity": 520, "timestamp": "2024-01-10T09:36:51Z", "venue": "NASDAQ", "side": "sell"}
{"id": "bulk-412", "symbol": "NVDA", "price": 119.5, "quantity": 530, "timestamp": "2024-01-10T09:36:52Z", "venue": "NYSE", "side": "buy"}
{"id": "bulk-413", "symbol": "GOOG", "price": 119.5, "quantity": 540, "timestamp": "2024-01-10T09:36:53Z", "venue": "NASDAQ", "side": "sell"}
{"id": "bulk-414", "symbol": "AAPL", "price": 121.25, "quantity": 550, "timestamp": "2024-01-10T09:36:54Z", "venue": "NYSE", "side": "buy"}
{"id": "bulk-415", "symbol": "MSFT", "price": 123.0, "quantity": 560, "timestamp": "2024-01-10T09:36:55Z", "venue": "NASDAQ", "side": "sell"}
{"id": "bulk-416", "symbol": "TSLA", "price": 124.75, "quantity": 570, "timestamp": "2024-01-10T09:36:56Z", "venue": "NYSE", "side": "buy"}
{"id": "bulk-417", "symbol": "AMZN", "price": 126.5, "quantity": 580, "timestamp": "2024-01-10T09:36:57Z", "venue": "NASDAQ", "side": "sell"}
{"id": "bulk-418", "symbol": "NVDA", "price": 128.25, "quantity": 590, "timestamp": "2024-01-10T09:36:58Z", "venue": "NYSE", "side": "buy"}
{"id": "bulk-419", "symbol": "GOOG", "price": 130.0, "quantity": 600, "timestamp": "2024-01-10T09:36:59Z", "venue": "NASDAQ", "side": "sell"}
{"id": "bulk-420", "symbol": "AAPL", "price": 130.0, "quantity": 610, "timestamp": "2024-01-10T09:37:00Z", "venue": "NYSE", "side": "buy"}
{"id": "bulk-421", "symbol": "MSFT", "price": 131.75, "quantity": 620, "timestamp": "2024-01-10T09:37:01Z", "venue": "NASDAQ", "side": "sell"}
{"id": "bulk-422", "symbol": "TSLA", "price": 133.5, "quantity": 630, "timestamp": "2024-01-10T09:37:02Z", "venue": "NYSE", "side": "buy"}
{"id": "bulk-423", "symbol": "AMZN", "price": 135.25, "quantity": 640, "timestamp": "2024-01-10T09:37:03Z", "venue": "NASDAQ", "side": "sell"}
{"id": "bulk-424", "symbol": "NVDA", "price": 137.0, "quantity": 650, "timestamp": "2024-01-10T09:37:04Z", "venue": "NYSE", "side": "buy"}
{"id": "bulk-425", "symbol": "GOOG", "price": 138.75, "quantity": 660, "timestamp": "2024-01-10T09:37:05Z", "venue": "NASDAQ", "side": "sell"}
{"id": "bulk-426", "symbol": "AAPL", "price": 140.5, "quantity": 670, "timestamp": "2024-01-10T09:37:06Z", "venue": "NYSE", "side": "buy"}
{"id": "bulk-427", "symbol": "MSFT", "price": 140.5, "quantity": 680, "timestamp": "2024-01-10T09:37:07Z", "venue": "NASDAQ", "side": "sell"}
{"id": "bulk-428", "symbol": "TSLA", "price": 142.25, "quantity": 690, "timestamp": "2024-01-10T09:37:08Z", "venue": "NYSE", "side": "buy"}
{"id": "bulk-429", "symbol": "AMZN", "price": 144.0, "quantity": 700, "timestamp": "2024-01-10T09:37:09Z", "venue": "NASDAQ", "side": "sell"}
{"id": "bulk-430", "symbol": "NVDA", "price": 145.75, "quantity": 710, "timestamp": "2024-01-10T09:37:10Z", "venue": "NYSE", "side": "buy"}
{"id": "bulk-431", "symbol": "GOOG", "price": 147.5, "quantity": 720, "timestamp": "2024-01-10T09:37:11Z", "venue": "NASDAQ", "side": "sell"}
{"id": "bulk-432", "symbol": "AAPL", "price": 149.25, "quantity": 730, "timestamp": "2024-01-10T09:37:12Z", "venue": "NYSE", "side": "buy"}
{"id": "bulk-433", "symbol": "MSFT", "price": 151.0, "quantity": 740, "timestamp": "2024-01-10T09:37:13Z", "venue": "NASDAQ", "side": "sell"}
{"id": "bulk-434", "symbol": "TSLA", "price": 151.0, "quantity": 750, "timestamp": "2024-01-10T09:37:14Z", "venue": "NYSE", "side": "buy"}
{"id": "bulk-435", "symbol": "AMZN", "price": 152.75, "quantity": 760, "timestamp": "2024-01-10T09:37:15Z", "venue": "NASDAQ", "side": "sell"}
{"id": "bulk-436", "symbol": "NVDA", "price": 154.5, "quantity": 770, "timestamp": "2024-01-10T09:37:16Z", "venue": "NYSE", "side": "buy"}
{"id": "bulk-437", "symbol": "GOOG", "price": 156.25, "quantity": 780, "timestamp": "2024-01-10T09:37:17Z", "venue": "NASDAQ", "side": "sell"}
{"id": "bulk-438", "symbol": "AAPL", "price": 158.0, "quantity": 790, "timestamp": "2024-01-10T09:37:18Z", "venue": "NYSE", "side": "buy"}
{"id": "bulk-439", "symbol": "MSFT", "price": 159.75, "quantity": 800, "timestamp": "2024-01-10T09:37:19Z", "venue": "NASDAQ", "side": "sell"}
{"id": "bulk-440", "symbol": "TSLA", "price": 161.5, "quantity": 810, "timestamp": "2024-01-10T09:37:20Z", "venue": "NYSE", "side": "buy"}
{"id": "bulk-441", "symbol": "AMZN", "price": 161.5, "quantity": 820, "timestamp": "2024-01-10T09:37:21Z", "venue": "NASDAQ", "side": "sell"}
{"id": "bulk-442", "symbol": "NVDA", "price": 163.25, "quantity": 830, "timestamp": "2024-01-10T09:37:22Z", "venue": "NYSE", "side": "buy"}
{"id": "bulk-443", "symbol": "GOOG", "price": 165.0, "quantity": 840, "timestamp": "2024-01-10T09:37:23Z", "venue": "NASDAQ", "side": "sell"}
{"id": "bulk-444", "symbol": "AAPL", "price": 166.75, "quantity": 850, "timestamp": "2024-01-10T09:37:24Z", "venue": "NYSE", "side": "buy"}
{"id": "bulk-445", "symbol": "MSFT", "price": 168.5, "quantity": 860, "timestamp": "2024-01-10T09:37:25Z", "venue": "NASDAQ", "side": "sell"}
{"id": "bulk-446", "symbol": "TSLA", "price": 170.25, "quantity": 870, "timestamp": "2024-01-10T09:37:26Z", "venue": "NYSE", "side": "buy"}
{"id": "bulk-447", "symbol": "AMZN", "price": 172.0, "quantity": 880, "timestamp": "2024-01-10T09:37:27Z", "venue": "NASDAQ", "side": "sell"}
{"id": "bulk-448", "symbol": "NVDA", "price": 172.0, "quantity": 890, "timestamp": "2024-01-10T09:37:28Z", "venue": "NYSE", "side": "buy"}
{"id": "bulk-449", "symbol": "GOOG", "price": 173.75, "quantity": 900, "timestamp": "2024-01-10T09:37:29Z", "venue": "NASDAQ", "side": "sell"}
{"id": "bulk-450", "symbol": "AAPL", "price": 100.5, "quantity": 910, "timestamp": "2024-01-10T09:37:30Z", "venue": "NYSE", "side": "buy"}
{"id": "bulk-451", "symbol": "MSFT", "price": 102.25, "quantity": 920, "timestamp": "2024-01-10T09:37:31Z", "venue": "NASDAQ", "side": "sell"}
{"id": "bulk-452", "symbol": "TSLA", "price": 104.0, "quantity": 930, "timestamp": "2024-01-10T09:37:32Z", "venue": "NYSE", "side": "buy"}
{"id": "bulk-453", "symbol": "AMZN", "price": 105.75, "quantity": 940, "timestamp": "2024-01-10T09:37:33Z", "venue": "NASDAQ", "side": "sell"}
{"id": "bulk-454", "symbol": "NVDA", "price": 107.5, "quantity": 950, "timestamp": "2024-01-10T09:37:34Z", "venue": "NYSE", "side": "buy"}
{"id": "bulk-455", "symbol": "GOOG", "price": 107.5, "quantity": 960, "timestamp": "2024-01-10T09:37:35Z", "venue": "NASDAQ", "side": "sell"}
{"id": "bulk-456", "symbol": "AAPL", "price": 109.25, "quantity": 970, "timestamp": "2024-01-10T09:37:36Z", "venue": "NYSE", "side": "buy"}
{"id": "bulk-457", "symbol": "MSFT", "price": 111.0, "quantity": 980, "timestamp": "2024-01-10T09:37:37Z", "venue": "NASDAQ", "side": "sell"}
{"id": "bulk-458", "symbol": "TSLA", "price": 112.75, "quantity": 990, "timestamp": "2024-01-10T09:37:38Z", "venue": "NYSE", "side": "buy"}
{"id": "bulk-459", "symbol": "AMZN", "price": 114.5, "quantity": 1000, "timestamp": "2024-01-10T09:37:39Z", "venue": "NASDAQ", "side": "sell"}
{"id": "bulk-460", "symbol": "NVDA", "price": 116.25, "quantity": 1010, "timestamp": "2024-01-10T09:37:40Z", "venue": "NYSE", "side": "buy"}
{"id": "bulk-461", "symbol": "GOOG", "price": 118.0, "quantity": 1020, "timestamp": "2024-01-10T09:37:41Z", "venue": "NASDAQ", "side": "sell"}
{"id": "bulk-462", "symbol": "AAPL", "price": 118.0, "quantity": 1030, "timestamp": "2024-01-10T09:37:42Z", "venue": "NYSE", "side": "buy"}
{"id": "bulk-463", "symbol": "MSFT", "price": 119.75, "quantity": 1040, "timestamp": "2024-01-10T09:37:43Z", "venue": "NASDAQ", "side": "sell"}
{"id": "bulk-464", "symbol": "TSLA", "price": 121.5, "quantity": 1050, "timestamp": "2024-01-10T09:37:44Z", "venue": "NYSE", "side": "buy"}
{"id": "bulk-465", "symbol": "AMZN", "price": 123.25, "quantity": 1060, "timestamp": "2024-01-10T09:37:45Z", "venue": "NASDAQ", "side": "sell"}
{"id": "bulk-466", "symbol": "NVDA", "price": 125.0, "quantity": 1070, "timestamp": "2024-01-10T09:37:46Z", "venue": "NYSE", "side": "buy"}
{"id": "bulk-467", "symbol": "GOOG", "price": 126.75, "quantity": 1080, "timestamp": "2024-01-10T09:37:47Z", "venue": "NASDAQ", "side": "sell"}
{"id": "bulk-468", "symbol": "AAPL", "price": 128.5, "quantity": 1090, "timestamp": "2024-01-10T09:37:48Z", "venue": "NYSE", "side": "buy"}
{"id": "bulk-469", "symbol": "MSFT", "price": 128.5, "quantity": 1100, "timestamp": "2024-01-10T09:37:49Z", "venue": "NASDAQ", "side": "sell"}
{"id": "bulk-470", "symbol": "TSLA", "price": 130.25, "quantity": 1110, "timestamp": "2024-01-10T09:37:50Z", "venue": "NYSE", "side": "buy"}
{"id": "bulk-471", "symbol": "AMZN", "price": 132.0, "quantity": 1120, "timestamp": "2024-01-10T09:37:51Z", "venue": "NASDAQ", "side": "sell"}
{"id": "bulk-472", "symbol": "NVDA", "price": 133.75, "quantity": 1130, "timestamp": "2024-01-10T09:37:52Z", "venue": "NYSE", "side": "buy"}
{"id": "bulk-473", "symbol": "GOOG", "price": 135.5, "quantity": 1140, "timestamp": "2024-01-10T09:37:53Z", "venue": "NASDAQ", "side": "sell"}
{"id": "bulk-474", "symbol": "AAPL", "price": 137.25, "quantity": 1150, "timestamp": "2024-01-10T09:37:54Z", "venue": "NYSE", "side": "buy"}
{"id": "bulk-475", "symbol": "MSFT", "price": 139.0, "quantity": 1160, "timestamp": "2024-01-10T09:37:55Z", "venue": "NASDAQ", "side": "sell"}
{"id": "bulk-476", "symbol": "TSLA", "price": 139.0, "quantity": 1170, "timestamp": "2024-01-10T09:37:56Z", "venue": "NYSE", "side": "buy"}
{"id": "bulk-477", "symbol": "AMZN", "price": 140.75, "quantity": 1180, "timestamp": "2024-01-10T09:37:57Z", "venue": "NASDAQ", "side": "sell"}
{"id": "bulk-478", "symbol": "NVDA", "price": 142.5, "quantity": 1190, "timestamp": "2024-01-10T09:37:58Z", "venue": "NYSE", "side": "buy"}
{"id": "bulk-479", "symbol": "GOOG", "price": 144.25, "quantity": 1200, "timestamp": "2024-01-10T09:37:59Z", "venue": "NASDAQ", "side": "sell"}
{"id": "bulk-480", "symbol": "AAPL", "price": 146.0, "quantity": 10, "timestamp": "2024-01-10T09:38:00Z", "venue": "NYSE", "side": "buy"}
{"id": "bulk-481", "symbol": "MSFT", "price": 147.75, "quantity": 20, "timestamp": "2024-01-10T09:38:01Z", "venue": "NASDAQ", "side": "sell"}
{"id": "bulk-482", "symbol": "TSLA", "price": 149.5, "quantity": 30, "timestamp": "2024-01-10T09:38:02Z", "venue": "NYSE", "side": "buy"}
{"id": "bulk-483", "symbol": "AMZN", "price": 149.5, "quantity": 40, "timestamp": "2024-01-10T09:38:03Z", "venue": "NASDAQ", "side": "sell"}
{"id": "bulk-484", "symbol": "NVDA", "price": 151.25, "quantity": 50, "timestamp": "2024-01-10T09:38:04Z", "venue": "NYSE", "side": "buy"}
{"id": "bulk-485", "symbol": "GOOG", "price": 153.0, "quantity": 60, "timestamp": "2024-01-10T09:38:05Z", "venue": "NASDAQ", "side": "sell"}
{"id": "bulk-486", "symbol": "AAPL", "price": 154.75, "quantity": 70, "timestamp": "2024-01-10T09:38:06Z", "venue": "NYSE", "side": "buy"}
{"id": "bulk-487", "symbol": "MSFT", "price": 156.5, "quantity": 80, "timestamp": "2024-01-10T09:38:07Z", "venue": "NASDAQ", "side": "sell"}
{"id": "bulk-488", "symbol": "TSLA", "price": 158.25, "quantity": 90, "timestamp": "2024-01-10T09:38:08Z", "venue": "NYSE", "side": "buy"}
{"id": "bulk-489", "symbol": "AMZN", "price": 160.0, "quantity": 100, "timestamp": "2024-01-10T09:38:09Z", "venue": "NASDAQ", "side": "sell"}
{"id": "bulk-490", "symbol": "NVDA", "price": 160.0, "quantity": 110, "timestamp": "2024-01-10T09:38:10Z", "venue": "NYSE", "side": "buy"}
{"id": "bulk-491", "symbol": "GOOG", "price": 161.75, "quantity": 120, "timestamp": "2024-01-10T09:38:11Z", "venue": "NASDAQ", "side": "sell"}
{"id": "bulk-492", "symbol": "AAPL", "price": 163.5, "quantity": 130, "timestamp": "2024-01-10T09:38:12Z", "venue": "NYSE", "side": "buy"}
{"id": "bulk-493", "symbol": "MSFT", "price": 165.25, "quantity": 140, "timestamp": "2024-01-10T09:38:13Z", "venue": "NASDAQ", "side": "sell"}
{"id": "bulk-494", "symbol": "TSLA", "price": 167.0, "quantity": 150, "timestamp": "2024-01-10T09:38:14Z", "venue": "NYSE", "side": "buy"}
{"id": "bulk-495", "symbol": "AMZN", "price": 168.75, "quantity": 160, "timestamp": "2024-01-10T09:38:15Z", "venue": "NASDAQ", "side": "sell"}
{"id": "bulk-496", "symbol": "NVDA", "price": 170.5, "quantity": 170, "timestamp": "2024-01-10T09:38:16Z", "venue": "NYSE", "side": "buy"}
{"id": "bulk-497", "symbol": "GOOG", "price": 170.5, "quantity": 180, "timestamp": "2024-01-10T09:38:17Z", "venue": "NASDAQ", "side": "sell"}
{"id": "bulk-498", "symbol": "AAPL", "price": 172.25, "quantity": 190, "timestamp": "2024-01-10T09:38:18Z", "venue": "NYSE", "side": "buy"}
{"id": "bulk-499", "symbol": "MSFT", "price": 174.0, "quantity": 200, "timestamp": "2024-01-10T09:38:19Z", "venue": "NASDAQ", "side": "sell"}
{"id": "bulk-500", "symbol": "TSLA", "price": 100.75, "quantity": 210, "timestamp": "2024-01-10T09:38:20Z", "venue": "NYSE", "side": "buy"}
{"id": "bulk-501", "symbol": "AMZN", "price": 102.5, "quantity": 220, "timestamp": "2024-01-10T09:38:21Z", "venue": "NASDAQ", "side": "sell"}
{"id": "bulk-502", "symbol": "NVDA", "price": 104.25, "quantity": 230, "timestamp": "2024-01-10T09:38:22Z", "venue": "NYSE", "side": "buy"}
{"id": "bulk-503", "symbol": "GOOG", "price": 106.0, "quantity": 240, "timestamp": "2024-01-10T09:38:23Z", "venue": "NASDAQ", "side": "sell"}
{"id": "bulk-504", "symbol": "AAPL", "price": 106.0, "quantity": 250, "timestamp": "2024-01-10T09:38:24Z", "venue": "NYSE", "side": "buy"}
{"id": "bulk-505", "symbol": "MSFT", "price": 107.75, "quantity": 260, "timestamp": "2024-01-10T09:38:25Z", "venue": "NASDAQ", "side": "sell"}
{"id": "bulk-506", "symbol": "TSLA", "price": 109.5, "quantity": 270, "timestamp": "2024-01-10T09:38:26Z", "venue": "NYSE", "side": "buy"}
{"id": "bulk-507", "symbol": "AMZN", "price": 111.25, "quantity": 280, "timestamp": "2024-01-10T09:38:27Z", "venue": "NASDAQ", "side": "sell"}
{"id": "bulk-508", "symbol": "NVDA", "price": 113.0, "quantity": 290, "timestamp": "2024-01-10T09:38:28Z", "venue": "NYSE", "side": "buy"}
{"id": "bulk-509", "symbol": "GOOG", "price": 114.75, "quantity": 300, "timestamp": "2024-01-10T09:38:29Z", "venue": "NASDAQ", "side": "sell"}
{"id": "bulk-510", "symbol": "AAPL", "price": 116.5, "quantity": 310, "timestamp": "2024-01-10T09:38:30Z", "venue": "NYSE", "side": "buy"}
{"id": "bulk-511", "symbol": "MSFT", "price": 116.5, "quantity": 320, "timestamp": "2024-01-10T09:38:31Z", "venue": "NASDAQ", "side": "sell"}
{"id": "bulk-512", "symbol": "TSLA", "price": 118.25, "quantity": 330, "timestamp": "2024-01-10T09:38:32Z", "venue": "NYSE", "side": "buy"}
{"id": "bulk-513", "symbol": "AMZN", "price": 120.0, "quantity": 340, "timestamp": "2024-01-10T09:38:33Z", "venue": "NASDAQ", "side": "sell"}
{"id": "bulk-514", "symbol": "NVDA", "price": 121.75, "quantity": 350, "timestamp": "2024-01-10T09:38:34Z", "venue": "NYSE", "side": "buy"}
{"id": "bulk-515", "symbol": "GOOG", "price": 123.5, "quantity": 360, "timestamp": "2024-01-10T09:38:35Z", "venue": "NASDAQ", "side": "sell"}
{"id": "bulk-516", "symbol": "AAPL", "price": 125.25, "quantity": 370, "timestamp": "2024-01-10T09:38:36Z", "venue": "NYSE", "side": "buy"}
{"id": "bulk-517", "symbol": "MSFT", "price": 127.0, "quantity": 380, "timestamp": "2024-01-10T09:38:37Z", "venue": "NASDAQ", "side": "sell"}
{"id": "bulk-518", "symbol": "TSLA", "price": 127.0, "quantity": 390, "timestamp": "2024-01-10T09:38:38Z", "venue": "NYSE", "side": "buy"}
{"id": "bulk-519", "symbol": "AMZN", "price": 128.75, "quantity": 400, "timestamp": "2024-01-10T09:38:39Z", "venue": "NASDAQ", "side": "sell"}
{"id": "bulk-520", "symbol": "NVDA", "price": 130.5, "quantity": 410, "timestamp": "2024-01-10T09:38:40Z", "venue": "NYSE", "side": "buy"}
{"id": "bulk-521", "symbol": "GOOG", "price": 132.25, "quantity": 420, "timestamp": "2024-01-10T09:38:41Z", "venue": "NASDAQ", "side": "sell"}
{"id": "bulk-522", "symbol": "AAPL", "price": 134.0, "quantity": 430, "timestamp": "2024-01-10T09:38:42Z", "venue": "NYSE", "side": "buy"}
{"id": "bulk-523", "symbol": "MSFT", "price": 135.75, "quantity": 440, "timestamp": "2024-01-10T09:38:43Z", "venue": "NASDAQ", "side": "sell"}
{"id": "bulk-524", "symbol": "TSLA", "price": 137.5, "quantity": 450, "timestamp": "2024-01-10T09:38:44Z", "venue": "NYSE", "side": "buy"}
{"id": "bulk-525", "symbol": "AMZN", "price": 137.5, "quantity": 460, "timestamp": "2024-01-10T09:38:45Z", "venue": "NASDAQ", "side": "sell"}
{"id": "bulk-526", "symbol": "NVDA", "price": 139.25, "quantity": 470, "timestamp": "2024-01-10T09:38:46Z", "venue": "NYSE", "side": "buy"}
{"id": "bulk-527", "symbol": "GOOG", "price": 141.0, "quantity": 480, "timestamp": "2024-01-10T09:38:47Z", "venue": "NASDAQ", "side": "sell"}
{"id": "bulk-528", "symbol": "AAPL", "price": 142.75, "quantity": 490, "timestamp": "2024-01-10T09:38:48Z", "venue": "NYSE", "side": "buy"}
{"id": "bulk-529", "symbol": "MSFT", "price": 144.5, "quantity": 500, "timestamp": "2024-01-10T09:38:49Z", "venue": "NASDAQ", "side": "sell"}
{"id": "bulk-530", "symbol": "TSLA", "price": 146.25, "quantity": 510, "timestamp": "2024-01-10T09:38:50Z", "venue": "NYSE", "side": "buy"}
{"id": "bulk-531", "symbol": "AMZN", "price": 148.0, "quantity": 520, "timestamp": "2024-01-10T09:38:51Z", "venue": "NASDAQ", "side": "sell"}
{"id": "bulk-532", "symbol": "NVDA", "price": 148.0, "quantity": 530, "timestamp": "2024-01-10T09:38:52Z", "venue": "NYSE", "side": "buy"}
{"id": "bulk-533", "symbol": "GOOG", "price": 149.75, "quantity": 540, "timestamp": "2024-01-10T09:38:53Z", "venue": "NASDAQ", "side": "sell"}
{"id": "bulk-534", "symbol": "AAPL", "price": 151.5, "quantity": 550, "timestamp": "2024-01-10T09:38:54Z", "venue": "NYSE", "side": "buy"}
{"id": "bulk-535", "symbol": "MSFT", "price": 153.25, "quantity": 560, "timestamp": "2024-01-10T09:38:55Z", "venue": "NASDAQ", "side": "sell"}
{"id": "bulk-536", "symbol": "TSLA", "price": 155.0, "quantity": 570, "timestamp": "2024-01-10T09:38:56Z", "venue": "NYSE", "side": "buy"}
{"id": "bulk-537", "symbol": "AMZN", "price": 156.75, "quantity": 580, "timestamp": "2024-01-10T09:38:57Z", "venue": "NASDAQ", "side": "sell"}
{"id": "bulk-538", "symbol": "NVDA", "price": 158.5, "quantity": 590, "timestamp": "2024-01-10T09:38:58Z", "venue": "NYSE", "side": "buy"}
{"id": "bulk-539", "symbol": "GOOG", "price": 158.5, "quantity": 600, "timestamp": "2024-01-10T09:38:59Z", "venue": "NASDAQ", "side": "sell"}
{"id": "bulk-540", "symbol": "AAPL", "price": 160.25, "quantity": 610, "timestamp": "2024-01-10T09:39:00Z", "venue": "NYSE", "side": "buy"}
{"id": "bulk-541", "symbol": "MSFT", "price": 162.0, "quantity": 620, "timestamp": "2024-01-10T09:39:01Z", "venue": "NASDAQ", "side": "sell"}
{"id": "bulk-542", "symbol": "TSLA", "price": 163.75, "quantity": 630, "timestamp": "2024-01-10T09:39:02Z", "venue": "NYSE", "side": "buy"}
{"id": "bulk-543", "symbol": "AMZN", "price": 165.5, "quantity": 640, "timestamp": "2024-01-10T09:39:03Z", "venue": "NASDAQ", "side": "sell"}
{"id": "bulk-544", "symbol": "NVDA", "price": 167.25, "quantity": 650, "timestamp": "2024-01-10T09:39:04Z", "venue": "NYSE", "side": "buy"}
{"id": "bulk-545", "symbol": "GOOG", "price": 169.0, "quantity": 660, "timestamp": "2024-01-10T09:39:05Z", "venue": "NASDAQ", "side": "sell"}
{"id": "bulk-546", "symbol": "AAPL", "price": 169.0, "quantity": 670, "timestamp": "2024-01-10T09:39:06Z", "venue": "NYSE", "side": "buy"}
{"id": "bulk-547", "symbol": "MSFT", "price": 170.75, "quantity": 680, "timestamp": "2024-01-10T09:39:07Z", "venue": "NASDAQ", "side": "sell"}
{"id": "bulk-548", "symbol": "TSLA", "price": 172.5, "quantity": 690, "timestamp": "2024-01-10T09:39:08Z", "venue": "NYSE", "side": "buy"}
{"id": "bulk-549", "symbol": "AMZN", "price": 174.25, "quantity": 700, "timestamp": "2024-01-10T09:39:09Z", "venue": "NASDAQ", "side": "sell"}
{"id": "bulk-550", "symbol": "NVDA", "price": 101.0, "quantity": 710, "timestamp": "2024-01-10T09:39:10Z", "venue": "NYSE", "side": "buy"}
{"id": "bulk-551", "symbol": "GOOG", "price": 102.75, "quantity": 720, "timestamp": "2024-01-10T09:39:11Z", "venue": "NASDAQ", "side": "sell"}
{"id": "bulk-552", "symbol": "AAPL", "price": 104.5, "quantity": 730, "timestamp": "2024-01-10T09:39:12Z", "venue": "NYSE", "side": "buy"}
{"id": "bulk-553", "symbol": "MSFT", "price": 104.5, "quantity": 740, "timestamp": "2024-01-10T09:39:13Z", "venue": "NASDAQ", "side": "sell"}
{"id": "bulk-554", "symbol": "TSLA", "price": 106.25, "quantity": 750, "timestamp": "2024-01-10T09:39:14Z", "venue": "NYSE", "side": "buy"}
{"id": "bulk-555", "symbol": "AMZN", "price": 108.0, "quantity": 760, "timestamp": "2024-01-10T09:39:15Z", "venue": "NASDAQ", "side": "sell"}
{"id": "bulk-556", "symbol": "NVDA", "price": 109.75, "quantity": 770, "timestamp": "2024-01-10T09:39:16Z", "venue": "NYSE", "side": "buy"}
{"id": "bulk-557", "symbol": "GOOG", "price": 111.5, "quantity": 780, "timestamp": "2024-01-10T09:39:17Z", "venue": "NASDAQ", "side": "sell"}
{"id": "bulk-558", "symbol": "AAPL", "price": 113.25, "quantity": 790, "timestamp": "2024-01-10T09:39:18Z", "venue": "NYSE", "side": "buy"}
{"id": "bulk-559", "symbol": "MSFT", "price": 115.0, "quantity": 800, "timestamp": "2024-01-10T09:39:19Z", "venue": "NASDAQ", "side": "sell"}
{"id": "bulk-560", "symbol": "TSLA", "price": 115.0, "quantity": 810, "timestamp": "2024-01-10T09:39:20Z", "venue": "NYSE", "side": "buy"}
{"id": "bulk-561", "symbol": "AMZN", "price": 116.75, "quantity": 820, "timestamp": "2024-01-10T09:39:21Z", "venue": "NASDAQ", "side": "sell"}
{"id": "bulk-562", "symbol": "NVDA", "price": 118.5, "quantity": 830, "timestamp": "2024-01-10T09:39:22Z", "venue": "NYSE", "side": "buy"}
{"id": "bulk-563", "symbol": "GOOG", "price": 120.25, "quantity": 840, "timestamp": "2024-01-10T09:39:23Z", "venue": "NASDAQ", "side": "sell"}
{"id": "bulk-564", "symbol": "AAPL", "price": 122.0, "quantity": 850, "timestamp": "2024-01-10T09:39:24Z", "venue": "NYSE", "side": "buy"}
{"id": "bulk-565", "symbol": "MSFT", "price": 123.75, "quantity": 860, "timestamp": "2024-01-10T09:39:25Z", "venue": "NASDAQ", "side": "sell"}
{"id": "bulk-566", "symbol": "TSLA", "price": 125.5, "quantity": 870, "timestamp": "2024-01-10T09:39:26Z", "venue": "NYSE", "side": "buy"}
{"id": "bulk-567", "symbol": "AMZN", "price": 125.5, "quantity": 880, "timestamp": "2024-01-10T09:39:27Z", "venue": "NASDAQ", "side": "sell"}
{"id": "bulk-568", "symbol": "NVDA", "price": 127.25, "quantity": 890, "timestamp": "2024-01-10T09:39:28Z", "venue": "NYSE", "side": "buy"}
{"id": "bulk-569", "symbol": "GOOG", "price": 129.0, "quantity": 900, "timestamp": "2024-01-10T09:39:29Z", "venue": "NASDAQ", "side": "sell"}
{"id": "bulk-570", "symbol": "AAPL", "price": 130.75, "quantity": 910, "timestamp": "2024-01-10T09:39:30Z", "venue": "NYSE", "side": "buy"}
{"id": "bulk-571", "symbol": "MSFT", "price": 132.5, "quantity": 920, "timestamp": "2024-01-10T09:39:31Z", "venue": "NASDAQ", "side": "sell"}
{"id": "bulk-572", "symbol": "TSLA", "price": 134.25, "quantity": 930, "timestamp": "2024-01-10T09:39:32Z", "venue": "NYSE", "side": "buy"}
{"id": "bulk-573", "symbol": "AMZN", "price": 136.0, "quantity": 940, "timestamp": "2024-01-10T09:39:33Z", "venue": "NASDAQ", "side": "sell"}
{"id": "bulk-574", "symbol": "NVDA", "price": 136.0, "quantity": 950, "timestamp": "2024-01-10T09:39:34Z", "venue": "NYSE", "side": "buy"}
{"id": "bulk-575", "symbol": "GOOG", "price": 137.75, "quantity": 960, "timestamp": "2024-01-10T09:39:35Z", "venue": "NASDAQ", "side": "sell"}
{"id": "bulk-576", "symbol": "AAPL", "price": 139.5, "quantity": 970, "timestamp": "2024-01-10T09:39:36Z", "venue": "NYSE", "side": "buy"}
{"id": "bulk-577", "symbol": "MSFT", "price": 141.25, "quantity": 980, "timestamp": "2024-01-10T09:39:37Z", "venue": "NASDAQ", "side": "sell"}
{"id": "bulk-578", "symbol": "TSLA", "price": 143.0, "quantity": 990, "timestamp": "2024-01-10T09:39:38Z", "venue": "NYSE", "side": "buy"}
{"id": "bulk-579", "symbol": "AMZN", "price": 144.75, "quantity": 1000, "timestamp": "2024-01-10T09:39:39Z", "venue": "NASDAQ", "side": "sell"}
{"id": "bulk-580", "symbol": "NVDA", "price": 146.5, "quantity": 1010, "timestamp": "2024-01-10T09:39:40Z", "venue": "NYSE", "side": "buy"}
{"id": "bulk-581", "symbol": "GOOG", "price": 146.5, "quantity": 1020, "timestamp": "2024-01-10T09:39:41Z", "venue": "NASDAQ", "side": "sell"}
{"id": "bulk-582", "symbol": "AAPL", "price": 148.25, "quantity": 1030, "timestamp": "2024-01-10T09:39:42Z", "venue": "NYSE", "side": "buy"}
{"id": "bulk-583", "symbol": "MSFT", "price": 150.0, "quantity": 1040, "timestamp": "2024-01-10T09:39:43Z", "venue": "NASDAQ", "side": "sell"}
{"id": "bulk-584", "symbol": "TSLA", "price": 151.75, "quantity": 1050, "timestamp": "2024-01-10T09:39:44Z", "venue": "NYSE", "side": "buy"}
{"id": "bulk-585", "symbol": "AMZN", "price": 153.5, "quantity": 1060, "timestamp": "2024-01-10T09:39:45Z", "venue": "NASDAQ", "side": "sell"}
{"id": "bulk-586", "symbol": "NVDA", "price": 155.25, "quantity": 1070, "timestamp": "2024-01-10T09:39:46Z", "venue": "NYSE", "side": "buy"}
{"id": "bulk-587", "symbol": "GOOG", "price": 157.0, "quantity": 1080, "timestamp": "2024-01-10T09:39:47Z", "venue": "NASDAQ", "side": "sell"}
{"id": "bulk-588", "symbol": "AAPL", "price": 157.0, "quantity": 1090, "timestamp": "2024-01-10T09:39:48Z", "venue": "NYSE", "side": "buy"}
{"id": "bulk-589", "symbol": "MSFT", "price": 158.75, "quantity": 1100, "timestamp": "2024-01-10T09:39:49Z", "venue": "NASDAQ", "side": "sell"}
{"id": "bulk-590", "symbol": "TSLA", "price": 160.5, "quantity": 1110, "timestamp": "2024-01-10T09:39:50Z", "venue": "NYSE", "side": "buy"}
{"id": "bulk-591", "symbol": "AMZN", "price": 162.25, "quantity": 1120, "timestamp": "2024-01-10T09:39:51Z", "venue": "NASDAQ", "side": "sell"}
{"id": "bulk-592", "symbol": "NVDA", "price": 164.0, "quantity": 1130, "timestamp": "2024-01-10T09:39:52Z", "venue": "NYSE", "side": "buy"}
{"id": "bulk-593", "symbol": "GOOG", "price": 165.75, "quantity": 1140, "timestamp": "2024-01-10T09:39:53Z", "venue": "NASDAQ", "side": "sell"}
{"id": "bulk-594", "symbol": "AAPL", "price": 167.5, "quantity": 1150, "timestamp": "2024-01-10T09:39:54Z", "venue": "NYSE", "side": "buy"}
{"id": "bulk-595", "symbol": "MSFT", "price": 167.5, "quantity": 1160, "timestamp": "2024-01-10T09:39:55Z", "venue": "NASDAQ", "side": "sell"}
{"id": "bulk-596", "symbol": "TSLA", "price": 169.25, "quantity": 1170, "timestamp": "2024-01-10T09:39:56Z", "venue": "NYSE", "side": "buy"}
{"id": "bulk-597", "symbol": "AMZN", "price": 171.0, "quantity": 1180, "timestamp": "2024-01-10T09:39:57Z", "venue": "NASDAQ", "side": "sell"}
{"id": "bulk-598", "symbol": "NVDA", "price": 172.75, "quantity": 1190, "timestamp": "2024-01-10T09:39:58Z", "venue": "NYSE", "side": "buy"}
{"id": "bulk-599", "symbol": "GOOG", "price": 174.5, "quantity": 1200, "timestamp": "2024-01-10T09:39:59Z", "venue": "NASDAQ", "side": "sell"}
{"id": "bulk-600", "symbol": "AAPL", "price": 101.25, "quantity": 10, "timestamp": "2024-01-10T09:40:00Z", "venue": "NYSE", "side": "buy"}
{"id": "bulk-601", "symbol": "MSFT", "price": 103.0, "quantity": 20, "timestamp": "2024-01-10T09:40:01Z", "venue": "NASDAQ", "side": "sell"}
{"id": "bulk-602", "symbol": "TSLA", "price": 103.0, "quantity": 30, "timestamp": "2024-01-10T09:40:02Z", "venue": "NYSE", "side": "buy"}
{"id": "bulk-603", "symbol": "AMZN", "price": 104.75, "quantity": 40, "timestamp": "2024-01-10T09:40:03Z", "venue": "NASDAQ", "side": "sell"}
{"id": "bulk-604", "symbol": "NVDA", "price": 106.5, "quantity": 50, "timestamp": "2024-01-10T09:40:04Z", "venue": "NYSE", "side": "buy"}
{"id": "bulk-605", "symbol": "GOOG", "price": 108.25, "quantity": 60, "timestamp": "2024-01-10T09:40:05Z", "venue": "NASDAQ", "side": "sell"}
{"id": "bulk-606", "symbol": "AAPL", "price": 110.0, "quantity": 70, "timestamp": "2024-01-10T09:40:06Z", "venue": "NYSE", "side": "buy"}
{"id": "bulk-607", "symbol": "MSFT", "price": 111.75, "quantity": 80, "timestamp": "2024-01-10T09:40:07Z", "venue": "NASDAQ", "side": "sell"}
{"id": "bulk-608", "symbol": "TSLA", "price": 113.5, "quantity": 90, "timestamp": "2024-01-10T09:40:08Z", "venue": "NYSE", "side": "buy"}
{"id": "bulk-609", "symbol": "AMZN", "price": 113.5, "quantity": 100, "timestamp": "2024-01-10T09:40:09Z", "venue": "NASDAQ", "side": "sell"}
{"id": "bulk-610", "symbol": "NVDA", "price": 115.25, "quantity": 110, "timestamp": "2024-01-10T09:40:10Z", "venue": "NYSE", "side": "buy"}
{"id": "bulk-611", "symbol": "GOOG", "price": 117.0, "quantity": 120, "timestamp": "2024-01-10T09:40:11Z", "venue": "NASDAQ", "side": "sell"}
{"id": "bulk-612", "symbol": "AAPL", "price": 118.75, "quantity": 130, "timestamp": "2024-01-10T09:40:12Z", "venue": "NYSE", "side": "buy"}
{"id": "bulk-613", "symbol": "MSFT", "price": 120.5, "quantity": 140, "timestamp": "2024-01-10T09:40:13Z", "venue": "NASDAQ", "side": "sell"}
{"id": "bulk-614", "symbol": "TSLA", "price": 122.25, "quantity": 150, "timestamp": "2024-01-10T09:40:14Z", "venue": "NYSE", "side": "buy"}
{"id": "bulk-615", "symbol": "AMZN", "price": 124.0, "quantity": 160, "timestamp": "2024-01-10T09:40:15Z", "venue": "NASDAQ", "side": "sell"}
{"id": "bulk-616", "symbol": "NVDA", "price": 124.0, "quantity": 170, "timestamp": "2024-01-10T09:40:16Z", "venue": "NYSE", "side": "buy"}
{"id": "bulk-617", "symbol": "GOOG", "price": 125.75, "quantity": 180, "timestamp": "2024-01-10T09:40:17Z", "venue": "NASDAQ", "side": "sell"}
{"id": "bulk-618", "symbol": "AAPL", "price": 127.5, "quantity": 190, "timestamp": "2024-01-10T09:40:18Z", "venue": "NYSE", "side": "buy"}
{"id": "bulk-619", "symbol": "MSFT", "price": 129.25, "quantity": 200, "timestamp": "2024-01-10T09:40:19Z", "venue": "NASDAQ", "side": "sell"}
{"id": "bulk-620", "symbol": "TSLA", "price": 131.0, "quantity": 210, "timestamp": "2024-01-10T09:40:20Z", "venue": "NYSE", "side": "buy"}
{"id": "bulk-621", "symbol": "AMZN", "price": 132.75, "quantity": 220, "timestamp": "2024-01-10T09:40:21Z", "venue": "NASDAQ", "side": "sell"}
{"id": "bulk-622", "symbol": "NVDA", "price": 134.5, "quantity": 230, "timestamp": "2024-01-10T09:40:22Z", "venue": "NYSE", "side": "buy"}
{"id": "bulk-623", "symbol": "GOOG", "price": 134.5, "quantity": 240, "timestamp": "2024-01-10T09:40:23Z", "venue": "NASDAQ", "side": "sell"}
{"id": "bulk-624", "symbol": "AAPL", "price": 136.25, "quantity": 250, "timestamp": "2024-01-10T09:40:24Z", "venue": "NYSE", "side": "buy"}
{"id": "bulk-625", "symbol": "MSFT", "price": 138.0, "quantity": 260, "timestamp": "2024-01-10T09:40:25Z", "venue": "NASDAQ", "side": "sell"}
{"id": "bulk-626", "symbol": "TSLA", "price": 139.75, "quantity": 270, "timestamp": "2024-01-10T09:40:26Z", "venue": "NYSE", "side": "buy"}
{"id": "bulk-627", "symbol": "AMZN", "price": 141.5, "quantity": 280, "timestamp": "2024-01-10T09:40:27Z", "venue": "NASDAQ", "side": "sell"}
{"id": "bulk-628", "symbol": "NVDA", "price": 143.25, "quantity": 290, "timestamp": "2024-01-10T09:40:28Z", "venue": "NYSE", "side": "buy"}
{"id": "bulk-629", "symbol": "GOOG", "price": 145.0, "quantity": 300, "timestamp": "2024-01-10T09:40:29Z", "venue": "NASDAQ", "side": "sell"}
{"id": "bulk-630", "symbol": "AAPL", "price": 145.0, "quantity": 310, "timestamp": "2024-01-10T09:40:30Z", "venue": "NYSE", "side": "buy"}
{"id": "bulk-631", "symbol": "MSFT", "price": 146.75, "quantity": 320, "timestamp": "2024-01-10T09:40:31Z", "venue": "NASDAQ", "side": "sell"}
{"id": "bulk-632", "symbol": "TSLA", "price": 148.5, "quantity": 330, "timestamp": "2024-01-10T09:40:32Z", "venue": "NYSE", "side": "buy"}
{"id": "bulk-633", "symbol": "AMZN", "price": 150.25, "quantity": 340, "timestamp": "2024-01-10T09:40:33Z", "venue": "NASDAQ", "side": "sell"}
{"id": "bulk-634", "symbol": "NVDA", "price": 152.0, "quantity": 350, "timestamp": "2024-01-10T09:40:34Z", "venue": "NYSE", "side": "buy"}
{"id": "bulk-635", "symbol": "GOOG", "price": 153.75, "quantity": 360, "timestamp": "2024-01-10T09:40:35Z", "venue": "NASDAQ", "side": "sell"}
{"id": "bulk-636", "symbol": "AAPL", "price": 155.5, "quantity": 370, "timestamp": "2024-01-10T09:40:36Z", "venue": "NYSE", "side": "buy"}
{"id": "bulk-637", "symbol": "MSFT", "price": 155.5, "quantity": 380, "timestamp": "2024-01-10T09:40:37Z", "venue": "NASDAQ", "side": "sell"}
{"id": "bulk-638", "symbol": "TSLA", "price": 157.25, "quantity": 390, "timestamp": "2024-01-10T09:40:38Z", "venue": "NYSE", "side": "buy"}
{"id": "bulk-639", "symbol": "AMZN", "price": 159.0, "quantity": 400, "timestamp": "2024-01-10T09:40:39Z", "venue": "NASDAQ", "side": "sell"}
{"id": "bulk-640", "symbol": "NVDA", "price": 160.75, "quantity": 410, "timestamp": "2024-01-10T09:40:40Z", "venue": "NYSE", "side": "buy"}
{"id": "bulk-641", "symbol": "GOOG", "price": 162.5, "quantity": 420, "timestamp": "2024-01-10T09:40:41Z", "venue": "NASDAQ", "side": "sell"}
{"id": "bulk-642", "symbol": "AAPL", "price": 164.25, "quantity": 430, "timestamp": "2024-01-10T09:40:42Z", "venue": "NYSE", "side": "buy"}
{"id": "bulk-643", "symbol": "MSFT", "price": 166.0, "quantity": 440, "timestamp": "2024-01-10T09:40:43Z", "venue": "NASDAQ", "side": "sell"}
{"id": "bulk-644", "symbol": "TSLA", "price": 166.0, "quantity": 450, "timestamp": "2024-01-10T09:40:44Z", "venue": "NYSE", "side": "buy"}
{"id": "bulk-645", "symbol": "AMZN", "price": 167.75, "quantity": 460, "timestamp": "2024-01-10T09:40:45Z", "venue": "NASDAQ", "side": "sell"}
{"id": "bulk-646", "symbol": "NVDA", "price": 169.5, "quantity": 470, "timestamp": "2024-01-10T09:40:46Z", "venue": "NYSE", "side": "buy"}
{"id": "bulk-647", "symbol": "GOOG", "price": 171.25, "quantity": 480, "timestamp": "2024-01-10T09:40:47Z", "venue": "NASDAQ", "side": "sell"}
{"id": "bulk-648", "symbol": "AAPL", "price": 173.0, "quantity": 490, "timestamp": "2024-01-10T09:40:48Z", "venue": "NYSE", "side": "buy"}
{"id": "bulk-649", "symbol": "MSFT", "price": 174.75, "quantity": 500, "timestamp": "2024-01-10T09:40:49Z", "venue": "NASDAQ", "side": "sell"}
{"id": "bulk-650", "symbol": "TSLA", "price": 101.5, "quantity": 510, "timestamp": "2024-01-10T09:40:50Z", "venue": "NYSE", "side": "buy"}
{"id": "bulk-651", "symbol": "AMZN", "price": 101.5, "quantity": 520, "timestamp": "2024-01-10T09:40:51Z", "venue": "NASDAQ", "side": "sell"}
{"id": "bulk-652", "symbol": "NVDA", "price": 103.25, "quantity": 530, "timestamp": "2024-01-10T09:40:52Z", "venue": "NYSE", "side": "buy"}
{"id": "bulk-653", "symbol": "GOOG", "price": 105.0, "quantity": 540, "timestamp": "2024-01-10T09:40:53Z", "venue": "NASDAQ", "side": "sell"}
{"id": "bulk-654", "symbol": "AAPL", "price": 106.75, "quantity": 550, "timestamp": "2024-01-10T09:40:54Z", "venue": "NYSE", "side": "buy"}
{"id": "bulk-655", "symbol": "MSFT", "price": 108.5, "quantity": 560, "timestamp": "2024-01-10T09:40:55Z", "venue": "NASDAQ", "side": "sell"}
{"id": "bulk-656", "symbol": "TSLA", "price": 110.25, "quantity": 570, "timestamp": "2024-01-10T09:40:56Z", "venue": "NYSE", "side": "buy"}
{"id": "bulk-657", "symbol": "AMZN", "price": 112.0, "quantity": 580, "timestamp": "2024-01-10T09:40:57Z", "venue": "NASDAQ", "side": "sell"}
{"id": "bulk-658", "symbol": "NVDA", "price": 112.0, "quantity": 590, "timestamp": "2024-01-10T09:40:58Z", "venue": "NYSE", "side": "buy"}
{"id": "bulk-659", "symbol": "GOOG", "price": 113.75, "quantity": 600, "timestamp": "2024-01-10T09:40:59Z", "venue": "NASDAQ", "side": "sell"}
{"id": "bulk-660", "symbol": "AAPL", "price": 115.5, "quantity": 610, "timestamp": "2024-01-10T09:41:00Z", "venue": "NYSE", "side": "buy"}
{"id": "bulk-661", "symbol": "MSFT", "price": 117.25, "quantity": 620, "timestamp": "2024-01-10T09:41:01Z", "venue": "NASDAQ", "side": "sell"}
{"id": "bulk-662", "symbol": "TSLA", "price": 119.0, "quantity": 630, "timestamp": "2024-01-10T09:41:02Z", "venue": "NYSE", "side": "buy"}
{"id": "bulk-663", "symbol": "AMZN", "price": 120.75, "quantity": 640, "timestamp": "2024-01-10T09:41:03Z", "venue": "NASDAQ", "side": "sell"}
{"id": "bulk-664", "symbol": "NVDA", "price": 122.5, "quantity": 650, "timestamp": "2024-01-10T09:41:04Z", "venue": "NYSE", "side": "buy"}
{"id": "bulk-665", "symbol": "GOOG", "price": 122.5, "quantity": 660, "timestamp": "2024-01-10T09:41:05Z", "venue": "NASDAQ", "side": "sell"}
{"id": "bulk-666", "symbol": "AAPL", "price": 124.25, "quantity": 670, "timestamp": "2024-01-10T09:41:06Z", "venue": "NYSE", "side": "buy"}
{"id": "bulk-667", "symbol": "MSFT", "price": 126.0, "quantity": 680, "timestamp": "2024-01-10T09:41:07Z", "venue": "NASDAQ", "side": "sell"}
{"id": "bulk-668", "symbol": "TSLA", "price": 127.75, "quantity": 690, "timestamp": "2024-01-10T09:41:08Z", "venue": "NYSE", "side": "buy"}
{"id": "bulk-669", "symbol": "AMZN", "price": 129.5, "quantity": 700, "timestamp": "2024-01-10T09:41:09Z", "venue": "NASDAQ", "side": "sell"}
{"id": "bulk-670", "symbol": "NVDA", "price": 131.25, "quantity": 710, "timestamp": "2024-01-10T09:41:10Z", "venue": "NYSE", "side": "buy"}
{"id": "bulk-671", "symbol": "GOOG", "price": 133.0, "quantity": 720, "timestamp": "2024-01-10T09:41:11Z", "venue": "NASDAQ", "side": "sell"}
{"id": "bulk-672", "symbol": "AAPL", "price": 133.0, "quantity": 730, "timestamp": "2024-01-10T09:41:12Z", "venue": "NYSE", "side": "buy"}
{"id": "bulk-673", "symbol": "MSFT", "price": 134.75, "quantity": 740, "timestamp": "2024-01-10T09:41:13Z", "venue": "NASDAQ", "side": "sell"}
{"id": "bulk-674", "symbol": "TSLA", "price": 136.5, "quantity": 750, "timestamp": "2024-01-10T09:41:14Z", "venue": "NYSE", "side": "buy"}
{"id": "bulk-675", "symbol": "AMZN", "price": 138.25, "quantity": 760, "timestamp": "2024-01-10T09:41:15Z", "venue": "NASDAQ", "side": "sell"}
{"id": "bulk-676", "symbol": "NVDA", "price": 140.0, "quantity": 770, "timestamp": "2024-01-10T09:41:16Z", "venue": "NYSE", "side": "buy"}
{"id": "bulk-677", "symbol": "GOOG", "price": 141.75, "quantity": 780, "timestamp": "2024-01-10T09:41:17Z", "venue": "NASDAQ", "side": "sell"}
{"id": "bulk-678", "symbol": "AAPL", "price": 143.5, "quantity": 790, "timestamp": "2024-01-10T09:41:18Z", "venue": "NYSE", "side": "buy"}
{"id": "bulk-679", "symbol": "MSFT", "price": 143.5, "quantity": 800, "timestamp": "2024-01-10T09:41:19Z", "venue": "NASDAQ", "side": "sell"}
{"id": "bulk-680", "symbol": "TSLA", "price": 145.25, "quantity": 810, "timestamp": "2024-01-10T09:41:20Z", "venue": "NYSE", "side": "buy"}
{"id": "bulk-681", "symbol": "AMZN", "price": 147.0, "quantity": 820, "timestamp": "2024-01-10T09:41:21Z", "venue": "NASDAQ", "side": "sell"}
{"id": "bulk-682", "symbol": "NVDA", "price": 148.75, "quantity": 830, "timestamp": "2024-01-10T09:41:22Z", "venue": "NYSE", "side": "buy"}
{"id": "bulk-683", "symbol": "GOOG", "price": 150.5, "quantity": 840, "timestamp": "2024-01-10T09:41:23Z", "venue": "NASDAQ", "side": "sell"}
{"id": "bulk-684", "symbol": "AAPL", "price": 152.25, "quantity": 850, "timestamp": "2024-01-10T09:41:24Z", "venue": "NYSE", "side": "buy"}
{"id": "bulk-685", "symbol": "MSFT", "price": 154.0, "quantity": 860, "timestamp": "2024-01-10T09:41:25Z", "venue": "NASDAQ", "side": "sell"}
{"id": "bulk-686", "symbol": "TSLA", "price": 154.0, "quantity": 870, "timestamp": "2024-01-10T09:41:26Z", "venue": "NYSE", "side": "buy"}
{"id": "bulk-687", "symbol": "AMZN", "price": 155.75, "quantity": 880, "timestamp": "2024-01-10T09:41:27Z", "venue": "NASDAQ", "side": "sell"}
{"id": "bulk-688", "symbol": "NVDA", "price": 157.5, "quantity": 890, "timestamp": "2024-01-10T09:41:28Z", "venue": "NYSE", "side": "buy"}
{"id": "bulk-689", "symbol": "GOOG", "price": 159.25, "quantity": 900, "timestamp": "2024-01-10T09:41:29Z", "venue": "NASDAQ", "side": "sell"}
{"id": "bulk-690", "symbol": "AAPL", "price": 161.0, "quantity": 910, "timestamp": "2024-01-10T09:41:30Z", "venue": "NYSE", "side": "buy"}
{"id": "bulk-691", "symbol": "MSFT", "price": 162.75, "quantity": 920, "timestamp": "2024-01-10T09:41:31Z", "venue": "NASDAQ", "side": "sell"}
{"id": "bulk-692", "symbol": "TSLA", "price": 164.5, "quantity": 930, "timestamp": "2024-01-10T09:41:32Z", "venue": "NYSE", "side": "buy"}
{"id": "bulk-693", "symbol": "AMZN", "price": 164.5, "quantity": 940, "timestamp": "2024-01-10T09:41:33Z", "venue": "NASDAQ", "side": "sell"}
{"id": "bulk-694", "symbol": "NVDA", "price": 166.25, "quantity": 950, "timestamp": "2024-01-10T09:41:34Z", "venue": "NYSE", "side": "buy"}
{"id": "bulk-695", "symbol": "GOOG", "price": 168.0, "quantity": 960, "timestamp": "2024-01-10T09:41:35Z", "venue": "NASDAQ", "side": "sell"}
{"id": "bulk-696", "symbol": "AAPL", "price": 169.75, "quantity": 970, "timestamp": "2024-01-10T09:41:36Z", "venue": "NYSE", "side": "buy"}
{"id": "bulk-697", "symbol": "MSFT", "price": 171.5, "quantity": 980, "timestamp": "2024-01-10T09:41:37Z", "venue": "NASDAQ", "side": "sell"}
{"id": "bulk-698", "symbol": "TSLA", "price": 173.25, "quantity": 990, "timestamp": "2024-01-10T09:41:38Z", "venue": "NYSE", "side": "buy"}
{"id": "bulk-699", "symbol": "AMZN", "price": 175.0, "quantity": 1000, "timestamp": "2024-01-10T09:41:39Z", "venue": "NASDAQ", "side": "sell"}
{"id": "bulk-700", "symbol": "NVDA", "price": 100.0, "quantity": 1010, "timestamp": "2024-01-10T09:41:40Z", "venue": "NYSE", "side": "buy"}
{"id": "bulk-701", "symbol": "GOOG", "price": 101.75, "quantity": 1020, "timestamp": "2024-01-10T09:41:41Z", "venue": "NASDAQ", "side": "sell"}
{"id": "bulk-702", "symbol": "AAPL", "price": 103.5, "quantity": 1030, "timestamp": "2024-01-10T09:41:42Z", "venue": "NYSE", "side": "buy"}
{"id": "bulk-703", "symbol": "MSFT", "price": 105.25, "quantity": 1040, "timestamp": "2024-01-10T09:41:43Z", "venue": "NASDAQ", "side": "sell"}
{"id": "bulk-704", "symbol": "TSLA", "price": 107.0, "quantity": 1050, "timestamp": "2024-01-10T09:41:44Z", "venue": "NYSE", "side": "buy"}
{"id": "bulk-705", "symbol": "AMZN", "price": 108.75, "quantity": 1060, "timestamp": "2024-01-10T09:41:45Z", "venue": "NASDAQ", "side": "sell"}
{"id": "bulk-706", "symbol": "NVDA", "price": 110.5, "quantity": 1070, "timestamp": "2024-01-10T09:41:46Z", "venue": "NYSE", "side": "buy"}
{"id": "bulk-707", "symbol": "GOOG", "price": 110.5, "quantity": 1080, "timestamp": "2024-01-10T09:41:47Z", "venue": "NASDAQ", "side": "sell"}
{"id": "bulk-708", "symbol": "AAPL", "price": 112.25, "quantity": 1090, "timestamp": "2024-01-10T09:41:48Z", "venue": "NYSE", "side": "buy"}
{"id": "bulk-709", "symbol": "MSFT", "price": 114.0, "quantity": 1100, "timestamp": "2024-01-10T09:41:49Z", "venue": "NASDAQ", "side": "sell"}
